2334 4018
139 296 200 358 312
457 312 488 366 o.
511 314 627 362 aonam
647 314 745 359 resecr

116 490 121 499 ,
138 423 296 501 Quantum
309 443 373 487 non
385 425 494 506 Aquilo
506 426 666 508 Campanis
675 427 784 489 excitat
796 427 886 508 agris.

137 509 210 585 Nos,
227 511 324 591 majus
336 511 439 587 veriti,
449 520 612 594 postquam
622 513 697 575 nihil
710 532 777 574 esse
789 512 895 593 pericli

138 596 306 674 Sensimus,
322 599 476 679 erigimur.
495 598 616 676 Rufus¹,
633 601 729 681 posito
741 602 849 682 capite,
865 600 943 663 utsi

137 683 232 750 Filius
245 687 427 751 immaturus
441 689 564 763 obisset,
579 689 662 751 llere.
681 688 756 766 Quis
769 698 848 751 esset

136 774 242 851 Finis¹,
258 776 289 838 ni
305 778 422 859 sapiens
434 777 478 839 sic
491 775 701 841 Nomentanus
713 779 846 841 amicum
1049 806 1076 844 oo

136 863 302 927 Tolleret⁸l
316 891 328 921 a
346 864 428 941 lleu,
444 863 592 928 Fortuna!
606 866 675 946 quis
688 875 734 930 est
746 866 900 928 crudelior
913 867 950 929 in
965 886 1031 931 nos

136 952 178 1015 Te
191 952 296 1017 Deus?
312 953 349 1016 Ut
361 972 483 1035 semper
491 955 605 1034 gaudes
619 956 747 1019 illudere
760 957 851 1018 rebus

136 1036 299 1105 Humanis!
319 1069 332 1095 υ
348 1041 456 1104 Varius
464 1046 575 1124 mappa
588 1061 782 1125 compescere
793 1046 891 1106 risum

135 1126 193 1191 Vix
204 1137 332 1212 poterat.
343 1129 472 1205 Balatro,
484 1131 674 1212 suspendens
687 1132 791 1193 omnia
804 1133 913 1193 naso‘:

139 1248 153 1273 ιι
168 1217 241 1283 Haec
250 1227 296 1282 est
309 1218 444 1281 conditio
458 1219 589 1292 vivendi,
605 1219 714 1295 aiebat,
729 1221 845 1302 eoquel
1047 1249 1073 1286 as

135 1306 328 1390 Responsura
341 1315 396 1370 tuo
407 1324 566 1387 nunquam
578 1314 625 1368 est
638 1325 693 1387 par
707 1308 786 1370 lama
798 1308 906 1370 labori.

95 1392 97 1395 ’
134 1393 227 1473 Tene,
243 1401 279 1461 ut
291 1413 349 1474 ego
362 1396 492 1477 accipiar
502 1397 595 1471 laute,
610 1399 781 1476 torquerier
794 1399 881 1461 omni
934 1439 947 1461 .

134 1483 344 1546 Sollicitudine
356 1482 540 1560 districtum,
555 1502 595 1546 ne
607 1485 694 1566 panis
707 1485 844 1561 adustus,
912 1538 918 1545 .

135 1567 179 1631 Ne
193 1569 272 1632 male
285 1569 444 1631 conditum
454 1571 506 1650 jus
520 1578 702 1652 apponatur,
719 1579 754 1633 ut
766 1590 875 1635 omnes

133 1656 292 1718 Praecincti
302 1658 385 1718 recte
397 1658 485 1740 pueri
498 1658 676 1738 comptique
690 1658 881 1733 ministrent!
1044 1687 1069 1722 aa
1157 1732 1158 1737 γ

133 1746 443 1829 Addehospraeterea
456 1765 554 1821 casus,
569 1747 824 1818 aulaearuantsi‚
1157 1740 1158 1761 ,

134 1832 173 1896 Ut
184 1835 287 1909 modo,
302 1834 327 1897 si
341 1835 476 1916 patinam
486 1835 564 1915 pede
578 1834 680 1914 lapsus
691 1832 809 1914 frangat
821 1835 941 1914 agaso⁶.

133 1921 193 1985 Sed
207 1923 416 1999 dominatoris,
432 1925 478 1984 uti
492 1922 588 1991 duca,
604 1922 764 2001 ingenium
776 1940 824 1984 res

133 2012 275 2074 Adverso
288 2010 406 2079 nudare
414 2012 522 2081 solent,
539 2011 638 2075 celare
648 2009 802 2093 secundae.
820 2037 834 2062 υ

132 2098 313 2163 Nasidienus
325 2099 365 2162 ad
378 2098 463 2160 haec:
477 2126 490 2151 a
503 2097 569 2159 Tibi
584 2096 634 2170 Di,
649 2114 856 2178 quaecumque
869 2102 1021 2178 preceris,
1040 2126 1066 2163 n

132 2185 298 2250 Commoda
312 2183 401 2247 dent!
418 2185 460 2246 ita
471 2184 517 2244 vir
533 2182 633 2245 bonus
647 2201 679 2243 es
693 2184 883 2263 convivaque
896 2186 1007 2247 comis.
1028 2213 1042 2237 n
1158 2226 1160 2269 ,

131 2273 169 2336 Et
182 2275 278 2336 soleas
290 2274 397 2355 poscit.
413 2272 508 2335 Tum⁷
522 2272 646 2334 inlecto
661 2291 787 2353 quoque
800 2273 922 2335 videres

132 2359 265 2422 Stridere
278 2365 395 2444 secreta
408 2359 518 2421 divisos
530 2375 604 2420 aure
621 2359 785 2419 susurros⁸.

429 2511 431 2515 ,
518 2462 670 2509 nonanus.

131 2538 236 2601 Nullos
248 2537 297 2599 his
309 2526 433 2598 mallem
447 2536 537 2597 ludos
551 2538 714 2615 spectasse.
730 2531 791 2595 Sed
802 2534 855 2594 illa

130 2624 247 2701 Redde,
262 2643 329 2704 age,
343 2643 413 2704 quae
427 2625 571 2701 deinceps
581 2622 683 2683 risisti.
758 2671 762 2678 .

508 2726 682 2774 sonuimus.

312 2864 314 2871 Ι
689 2796 828 2859 Vibidius
842 2798 920 2859 dum
962 2845 965 2851 .
1037 2821 1062 2857 aa

132 2887 248 2964 Quaerit
261 2891 300 2953 de
315 2888 418 2971 pueris
431 2903 508 2948 num
522 2886 560 2946 sit
574 2886 700 2965 quoque
710 2882 803 2945 fracta
816 2885 938 2963 lagena,

131 2980 221 3054 Quod
237 2983 294 3044 sibi
307 2979 445 3061 poscenti
458 2995 521 3038 non
534 2977 647 3038 dentur
658 2977 783 3056 pocula,
798 2976 941 3056 dumque

159 3148 177 3181 ι.
200 3139 330 3193 diripimur,
347 3150 404 3182 nous
420 3148 476 3181 nous
494 3141 578 3180 remet-
633 3140 652 3179 t.
667 3135 751 3190 Apum,
761 3146 792 3179 un
801 3136 990 3191 postramanuu
1000 3140 1060 3181 lour-

130 3194 189 3239 tons,
199 3201 255 3232 noua
265 3202 321 3233 nous
328 3186 579 3242 rassorona-llusus,
604 3187 670 3231 daud.

130 3241 207 3284 c’erait
213 3242 235 3283 le
244 3253 336 3291 sarnam
342 3244 370 3286 de
378 3242 519 3286 Nasidienus.
631 3247 651 3283 τ.
672 3240 749 3283 soloas
764 3241 848 3295 poscit,
861 3244 880 3285 ll
895 3243 1008 3288 demanda
1023 3254 1059 3286 se·

156 3300 175 3336 2.
192 3292 269 3334 Finis.
278 3297 444 3337 sous-entendu
454 3293 531 3347 pandi.
546 3345 550 3352 ¹
604 3293 699 3336 souliers
712 3297 776 3345 (pour
791 3305 817 3338 se
830 3295 893 3338 lever
903 3297 933 3340 ds
945 3309 988 3340 son
1004 3296 1059 3340 lites

156 3350 176 3388 3.
187 3343 291 3397 Tellrrel,
298 3347 336 3387 adt
343 3346 424 3399 releva,
434 3344 578 3390 cesa-tana
603 3345 658 3388 aller
667 3345 755 3389 donner
763 3345 791 3387 de
799 3359 916 3392 nouveaux
923 3349 1020 3397 ordres).
1034 3369 1060 3379 -

130 3396 168 3439 elit
177 3394 275 3438 consol&
402 3451 407 3458 .
606 3395 671 3458 Sum,
680 3397 822 3471 “lqfflasssslffl
832 3401 930 3454 qu'ilest
939 3403 996 3445 sorti
1003 3411 1055 3456 ρυιιῐ

129 3446 578 3552 laidogpppppppmmopppppwmoyez
603 3451 731 3546 mllrlllli:
756 3453 884 3548 'llll'rrm
899 3508 942 3549 les
956 3506 1059 3548 convivas

157 3559 176 3593 a.
186 3552 233 3604 Εὐ,
250 3560 306 3602 pour
324 3552 384 3601 cela,
401 3564 466 3604 parca
483 3552 577 3608 qn’ainai
603 3553 630 3594 de
640 3554 723 3598 chaone
736 3555 763 3598 lit
775 3565 800 3599 se
813 3557 1059 3610 pertentandum

130 3602 471 3648 sontloaclroseadeceuevie.
602 3604 698 3648 l’oreille.
