<?xml version="1.0" encoding="UTF-8"?>
<!DOCTYPE html PUBLIC "-//W3C//DTD XHTML 1.0 Transitional//EN"
    "http://www.w3.org/TR/xhtml1/DTD/xhtml1-transitional.dtd">
<html xmlns="http://www.w3.org/1999/xhtml" xml:lang="en" lang="en">
 <head>
  <title>
</title>
<meta http-equiv="Content-Type" content="text/html;charset=utf-8" />
  <meta name='ocr-system' content='tesseract 3.04.00' />
  <meta name='ocr-capabilities' content='ocr_page ocr_carea ocr_par ocr_line ocrx_word'/>
</head>
<body>
  <div class='ocr_page' id='page_1' title='image "./qhoratiusflaccu01horagoog_0247.png"; bbox 0 0 2356 4022; ppageno 0'>
   <div class='ocr_carea' id='block_1_1' title="bbox 358 229 995 317">
    <p class='ocr_par' dir='ltr' id='par_1_1' title="bbox 358 229 995 317">
     <span class='ocr_line' id='line_1_1' title="bbox 358 229 995 317; baseline 0.011 -15"><span class='ocrx_word' id='word_1_1' title='bbox 358 258 520 305; x_wconf 74' lang='lat' dir='ltr'>sisinnum</span> <span class='ocrx_word' id='word_1_2' title='bbox 540 261 624 306; x_wconf 81' lang='lat' dir='ltr'>niuno</span> <span class='ocrx_word' id='word_1_3' title='bbox 645 229 666 307; x_wconf 68' lang='grc' dir='ltr'>ιζ</span> <span class='ocrx_word' id='word_1_4' title='bbox 688 247 718 306; x_wconf 80' lang='lat'>4.</span> <span class='ocrx_word' id='word_1_5' title='bbox 792 308 796 317; x_wconf 60' lang='lat'>,</span> <span class='ocrx_word' id='word_1_6' title='bbox 939 254 995 310; x_wconf 75' lang='lat' dir='ltr'>net</span> 
     </span>
    </p>
   </div>
   <div class='ocr_carea' id='block_1_2' title="bbox 17 372 1004 1503">
    <p class='ocr_par' dir='ltr' id='par_1_2' title="bbox 78 372 984 547">
     <span class='ocr_line' id='line_1_2' title="bbox 78 372 954 460; baseline 0.008 -27"><span class='ocrx_word' id='word_1_7' title='bbox 78 372 116 434; x_wconf 86' lang='lat' dir='ltr'>Et</span> <span class='ocrx_word' id='word_1_8' title='bbox 128 390 245 454; x_wconf 90' lang='lat' dir='ltr'>pueros</span> <span class='ocrx_word' id='word_1_9' title='bbox 257 379 288 435; x_wconf 91' lang='lat' dir='ltr'>et</span> <span class='ocrx_word' id='word_1_10' title='bbox 302 391 388 435; x_wconf 89' lang='lat' dir='ltr'>anus.</span> <span class='ocrx_word' id='word_1_11' title='bbox 402 400 416 426; x_wconf 77' lang='lat' dir='ltr'>o</span> <span class='ocrx_word' id='word_1_12' title='bbox 433 374 583 453; x_wconf 80' lang='lat' dir='ltr'><strong>Agedum,</strong></span> <span class='ocrx_word' id='word_1_13' title='bbox 597 395 694 457; x_wconf 85' lang='lat' dir='ltr'>pauca</span> <span class='ocrx_word' id='word_1_14' title='bbox 707 379 810 460; x_wconf 80' lang='lat' dir='ltr'>accipe</span> <span class='ocrx_word' id='word_1_15' title='bbox 822 380 954 440; x_wconf 80' lang='lat' dir='ltr'>eontra¹.</span> 
     </span>
     <span class='ocr_line' id='line_1_3' title="bbox 118 460 984 547; baseline 0.006 -26"><span class='ocrx_word' id='word_1_16' title='bbox 118 460 260 522; x_wconf 80' lang='lat' dir='ltr'>Primum</span> <span class='ocrx_word' id='word_1_17' title='bbox 270 461 526 539; x_wconf 79' lang='lat' dir='ltr'>egomeillorum,</span> <span class='ocrx_word' id='word_1_18' title='bbox 535 464 672 525; x_wconf 89' lang='lat' dir='ltr'>dederim</span> <span class='ocrx_word' id='word_1_19' title='bbox 682 466 793 547; x_wconf 89' lang='lat' dir='ltr'>quibus</span> <span class='ocrx_word' id='word_1_20' title='bbox 802 485 868 528; x_wconf 89' lang='lat' dir='ltr'>esse</span> <span class='ocrx_word' id='word_1_21' title='bbox 878 467 984 545; x_wconf 85' lang='lat' dir='ltr'>poetis,</span> 
     </span>
    </p>

    <p class='ocr_par' dir='ltr' id='par_1_3' title="bbox 78 549 959 631">
     <span class='ocr_line' id='line_1_4' title="bbox 78 549 959 631; baseline 0.005 -22"><span class='ocrx_word' id='word_1_22' title='bbox 78 549 250 630; x_wconf 83' lang='lat' dir='ltr'>Excerpam</span> <span class='ocrx_word' id='word_1_23' title='bbox 263 567 414 611; x_wconf 90' lang='lat' dir='ltr'>numero:</span> <span class='ocrx_word' id='word_1_24' title='bbox 429 552 633 631; x_wconf 80' lang='lat' dir='ltr'>nequeenim·</span> <span class='ocrx_word' id='word_1_25' title='bbox 645 553 826 614; x_wconf 79' lang='lat' dir='ltr'>concludere</span> <span class='ocrx_word' id='word_1_26' title='bbox 837 573 959 615; x_wconf 87' lang='lat' dir='ltr'>versum</span> 
     </span>
    </p>

    <p class='ocr_par' dir='ltr' id='par_1_4' title="bbox 77 637 1004 718">
     <span class='ocr_line' id='line_1_5' title="bbox 77 637 1004 718; baseline 0.004 -21"><span class='ocrx_word' id='word_1_27' title='bbox 77 637 198 701; x_wconf 81' lang='lat' dir='ltr'>Dixeris</span> <span class='ocrx_word' id='word_1_28' title='bbox 213 654 279 698; x_wconf 87' lang='lat' dir='ltr'>esse</span> <span class='ocrx_word' id='word_1_29' title='bbox 293 638 394 711; x_wconf 76' lang='lat' dir='ltr'>satis‘;</span> <span class='ocrx_word' id='word_1_30' title='bbox 410 655 523 717; x_wconf 88' lang='lat' dir='ltr'>neque,</span> <span class='ocrx_word' id='word_1_31' title='bbox 539 639 564 699; x_wconf 92' lang='lat' dir='ltr'>si</span> <span class='ocrx_word' id='word_1_32' title='bbox 580 638 633 718; x_wconf 88' lang='lat' dir='ltr'>qui</span> <span class='ocrx_word' id='word_1_33' title='bbox 647 639 758 700; x_wconf 86' lang='lat' dir='ltr'>scribat</span> <span class='ocrx_word' id='word_1_34' title='bbox 771 642 817 701; x_wconf 88' lang='lat' dir='ltr'>uti</span> <span class='ocrx_word' id='word_1_35' title='bbox 829 659 887 701; x_wconf 92' lang='lat' dir='ltr'>nos</span> <span class='ocrx_word' id='word_1_36' title='bbox 979 664 1004 701; x_wconf 75' lang='lat' dir='ltr'>ro</span> 
     </span>
    </p>

    <p class='ocr_par' dir='ltr' id='par_1_5' title="bbox 79 719 921 806">
     <span class='ocr_line' id='line_1_6' title="bbox 79 719 921 806; baseline 0.002 -20"><span class='ocrx_word' id='word_1_37' title='bbox 79 723 238 786; x_wconf 68' lang='lat' dir='ltr'>sermoni⁸</span> <span class='ocrx_word' id='word_1_38' title='bbox 252 724 406 805; x_wconf 87' lang='lat' dir='ltr'>propiora,</span> <span class='ocrx_word' id='word_1_39' title='bbox 421 734 511 804; x_wconf 89' lang='lat' dir='ltr'>putes</span> <span class='ocrx_word' id='word_1_40' title='bbox 525 725 609 787; x_wconf 90' lang='lat' dir='ltr'>hunc</span> <span class='ocrx_word' id='word_1_41' title='bbox 624 744 689 788; x_wconf 89' lang='lat' dir='ltr'>esse</span> <span class='ocrx_word' id='word_1_42' title='bbox 703 734 836 806; x_wconf 85' lang='lat' dir='ltr'>poetam.</span> <span class='ocrx_word' id='word_1_43' title='bbox 915 719 921 732; x_wconf 66' lang='lat'><em>⁶</em></span> 
     </span>
    </p>

    <p class='ocr_par' dir='ltr' id='par_1_6' title="bbox 77 809 847 893">
     <span class='ocr_line' id='line_1_7' title="bbox 77 809 847 893; baseline 0.004 -21"><span class='ocrx_word' id='word_1_44' title='bbox 77 809 245 890; x_wconf 84' lang='lat' dir='ltr'>Ingenium</span> <span class='ocrx_word' id='word_1_45' title='bbox 258 811 307 871; x_wconf 90' lang='lat' dir='ltr'>cui</span> <span class='ocrx_word' id='word_1_46' title='bbox 322 810 371 885; x_wconf 89' lang='lat' dir='ltr'>sit,</span> <span class='ocrx_word' id='word_1_47' title='bbox 383 811 433 872; x_wconf 90' lang='lat' dir='ltr'>oui</span> <span class='ocrx_word' id='word_1_48' title='bbox 445 830 534 873; x_wconf 91' lang='lat' dir='ltr'>mens</span> <span class='ocrx_word' id='word_1_49' title='bbox 548 813 690 889; x_wconf 89' lang='lat' dir='ltr'>divinior,</span> <span class='ocrx_word' id='word_1_50' title='bbox 706 821 798 893; x_wconf 87' lang='lat' dir='ltr'>atque</span> <span class='ocrx_word' id='word_1_51' title='bbox 812 834 847 876; x_wconf 91' lang='lat' dir='ltr'>os</span> 
     </span>
    </p>

    <p class='ocr_par' dir='ltr' id='par_1_7' title="bbox 79 894 891 985">
     <span class='ocr_line' id='line_1_8' title="bbox 79 894 891 985; baseline 0.004 -22"><span class='ocrx_word' id='word_1_52' title='bbox 79 894 189 978; x_wconf 83' lang='lat' dir='ltr'>Magna</span> <span class='ocrx_word' id='word_1_53' title='bbox 202 907 394 974; x_wconf 86' lang='lat' dir='ltr'>sonaturum,</span> <span class='ocrx_word' id='word_1_54' title='bbox 409 901 464 961; x_wconf 89' lang='lat' dir='ltr'>des</span> <span class='ocrx_word' id='word_1_55' title='bbox 475 901 611 963; x_wconf 88' lang='lat' dir='ltr'>nominis</span> <span class='ocrx_word' id='word_1_56' title='bbox 618 903 717 985; x_wconf 59' lang='lat' dir='ltr'>⁸hujus</span> <span class='ocrx_word' id='word_1_57' title='bbox 730 904 891 967; x_wconf 91' lang='lat' dir='ltr'>honorem.</span> 
     </span>
    </p>

    <p class='ocr_par' dir='ltr' id='par_1_8' title="bbox 79 986 769 1069">
     <span class='ocr_line' id='line_1_9' title="bbox 79 986 769 1069; baseline 0 -20"><span class='ocrx_word' id='word_1_58' title='bbox 79 986 215 1050; x_wconf 67' lang='lat' dir='ltr'>Idcirco*</span> <span class='ocrx_word' id='word_1_59' title='bbox 228 987 366 1066; x_wconf 89' lang='lat' dir='ltr'>quidam,</span> <span class='ocrx_word' id='word_1_60' title='bbox 383 989 532 1049; x_wconf 81' lang='lat' dir='ltr'>comoedia</span> <span class='ocrx_word' id='word_1_61' title='bbox 546 1007 646 1050; x_wconf 88' lang='lat' dir='ltr'>necne</span> <span class='ocrx_word' id='word_1_62' title='bbox 659 1008 769 1069; x_wconf 86' lang='lat' dir='ltr'>poema</span> 
     </span>
    </p>

    <p class='ocr_par' dir='ltr' id='par_1_9' title="bbox 17 1074 1004 1156">
     <span class='ocr_line' id='line_1_10' title="bbox 17 1074 1004 1156; baseline 0.003 -18"><span class='ocrx_word' id='word_1_63' title='bbox 17 1120 18 1123; x_wconf 18' lang='grc' dir='ltr'><strong>κ</strong></span> <span class='ocrx_word' id='word_1_64' title='bbox 79 1074 177 1149; x_wconf 83' lang='lat' dir='ltr'>Esset,</span> <span class='ocrx_word' id='word_1_65' title='bbox 191 1075 368 1154; x_wconf 74' lang='lat' dir='ltr'>quaesivere,</span> <span class='ocrx_word' id='word_1_66' title='bbox 386 1075 470 1156; x_wconf 81' lang='lat' dir='ltr'>qnod</span> <span class='ocrx_word' id='word_1_67' title='bbox 485 1092 554 1135; x_wconf 87' lang='lat' dir='ltr'>acer</span> <span class='ocrx_word' id='word_1_68' title='bbox 567 1077 709 1155; x_wconf 85' lang='lat' dir='ltr'>spiritus⁵</span> <span class='ocrx_word' id='word_1_69' title='bbox 723 1096 758 1138; x_wconf 88' lang='lat' dir='ltr'>ac</span> <span class='ocrx_word' id='word_1_70' title='bbox 772 1079 816 1139; x_wconf 92' lang='lat' dir='ltr'>vis</span> <span class='ocrx_word' id='word_1_71' title='bbox 909 1132 912 1148; x_wconf 84' lang='lat'>,</span> <span class='ocrx_word' id='word_1_72' title='bbox 979 1104 1004 1141; x_wconf 74' lang='lat' dir='ltr'>rs</span> 
     </span>
    </p>

    <p class='ocr_par' dir='ltr' id='par_1_10' title="bbox 79 1162 908 1244">
     <span class='ocr_line' id='line_1_11' title="bbox 79 1162 908 1244; baseline 0.002 -18"><span class='ocrx_word' id='word_1_73' title='bbox 79 1162 145 1226; x_wconf 89' lang='lat' dir='ltr'>Nec</span> <span class='ocrx_word' id='word_1_74' title='bbox 155 1163 255 1224; x_wconf 90' lang='lat' dir='ltr'>verbis</span> <span class='ocrx_word' id='word_1_75' title='bbox 269 1179 327 1223; x_wconf 89' lang='lat' dir='ltr'>nec</span> <span class='ocrx_word' id='word_1_76' title='bbox 341 1163 435 1223; x_wconf 88' lang='lat' dir='ltr'>rebus</span> <span class='ocrx_word' id='word_1_77' title='bbox 448 1162 544 1239; x_wconf 88' lang='lat' dir='ltr'>inest,</span> <span class='ocrx_word' id='word_1_78' title='bbox 558 1164 617 1224; x_wconf 91' lang='lat' dir='ltr'>nisi</span> <span class='ocrx_word' id='word_1_79' title='bbox 632 1165 718 1242; x_wconf 84' lang='lat' dir='ltr'>quod</span> <span class='ocrx_word' id='word_1_80' title='bbox 731 1165 812 1244; x_wconf 88' lang='lat' dir='ltr'>pede</span> <span class='ocrx_word' id='word_1_81' title='bbox 825 1175 908 1228; x_wconf 89' lang='lat' dir='ltr'>certo</span> 
     </span>
    </p>

    <p class='ocr_par' dir='ltr' id='par_1_11' title="bbox 80 1249 951 1330">
     <span class='ocr_line' id='line_1_12' title="bbox 80 1249 951 1330; baseline 0.003 -19"><span class='ocrx_word' id='word_1_82' title='bbox 80 1249 189 1311; x_wconf 83' lang='lat' dir='ltr'>Differt</span> <span class='ocrx_word' id='word_1_83' title='bbox 202 1250 346 1323; x_wconf 86' lang='lat' dir='ltr'>sermoni,</span> <span class='ocrx_word' id='word_1_84' title='bbox 364 1256 465 1310; x_wconf 87' lang='lat' dir='ltr'>sermo</span> <span class='ocrx_word' id='word_1_85' title='bbox 480 1249 691 1311; x_wconf 79' lang='lat' dir='ltr'>merus⁶.-At</span> <span class='ocrx_word' id='word_1_86' title='bbox 704 1259 789 1330; x_wconf 87' lang='lat' dir='ltr'>pater</span> <span class='ocrx_word' id='word_1_87' title='bbox 802 1253 912 1313; x_wconf 90' lang='lat' dir='ltr'>ardens</span> <span class='ocrx_word' id='word_1_88' title='bbox 949 1308 951 1313; x_wconf 91' lang='lat'><em>.</em></span> 
     </span>
    </p>

    <p class='ocr_par' dir='ltr' id='par_1_12' title="bbox 81 1337 841 1417">
     <span class='ocr_line' id='line_1_13' title="bbox 81 1337 841 1417; baseline 0.001 -17"><span class='ocrx_word' id='word_1_89' title='bbox 81 1337 173 1400; x_wconf 84' lang='lat' dir='ltr'>Saevit</span> <span class='ocrx_word' id='word_1_90' title='bbox 186 1337 280 1417; x_wconf 87' lang='lat' dir='ltr'>qudd,</span> <span class='ocrx_word' id='word_1_91' title='bbox 296 1337 456 1399; x_wconf 83' lang='lat' dir='ltr'>meretrice</span> <span class='ocrx_word' id='word_1_92' title='bbox 465 1351 566 1417; x_wconf 88' lang='lat' dir='ltr'>nepos</span> <span class='ocrx_word' id='word_1_93' title='bbox 579 1338 721 1399; x_wconf 79' lang='lat' dir='ltr'>insanus⁸</span> <span class='ocrx_word' id='word_1_94' title='bbox 734 1340 841 1417; x_wconf 74' lang='lat' dir='ltr'>amica,</span> 
     </span>
    </p>

    <p class='ocr_par' dir='ltr' id='par_1_13' title="bbox 80 1424 758 1503">
     <span class='ocr_line' id='line_1_14' title="bbox 80 1424 758 1503; baseline -0.001 -15"><span class='ocrx_word' id='word_1_95' title='bbox 80 1424 176 1488; x_wconf 89' lang='lat' dir='ltr'>Filius</span> <span class='ocrx_word' id='word_1_96' title='bbox 188 1443 317 1486; x_wconf 84' lang='lat' dir='ltr'>uxorem</span> <span class='ocrx_word' id='word_1_97' title='bbox 333 1425 526 1503; x_wconf 80' lang='lat' dir='ltr'>grandinum</span> <span class='ocrx_word' id='word_1_98' title='bbox 541 1426 611 1486; x_wconf 89' lang='lat' dir='ltr'>dote</span> <span class='ocrx_word' id='word_1_99' title='bbox 626 1435 758 1502; x_wconf 88' lang='lat' dir='ltr'>recuset,</span> 
     </span>
    </p>
   </div>
   <div class='ocr_carea' id='block_1_3' title="bbox 80 1513 1028 1597">
    <p class='ocr_par' dir='ltr' id='par_1_14' title="bbox 80 1513 1028 1597">
     <span class='ocr_line' id='line_1_15' title="bbox 80 1513 1028 1597; baseline 0.003 -22"><span class='ocrx_word' id='word_1_100' title='bbox 80 1513 194 1576; x_wconf 84' lang='lat' dir='ltr'>Ebrius</span> <span class='ocrx_word' id='word_1_101' title='bbox 208 1520 239 1574; x_wconf 88' lang='lat' dir='ltr'>et</span> <span class='ocrx_word' id='word_1_102' title='bbox 251 1517 410 1591; x_wconf 81' lang='lat' dir='ltr'>(magnum</span> <span class='ocrx_word' id='word_1_103' title='bbox 422 1513 507 1590; x_wconf 88' lang='lat' dir='ltr'>quod</span> <span class='ocrx_word' id='word_1_104' title='bbox 519 1513 677 1597; x_wconf 66' lang='lat' dir='ltr'>dedecusl)</span> <span class='ocrx_word' id='word_1_105' title='bbox 688 1515 826 1576; x_wconf 82' lang='lat' dir='ltr'>ambulet</span> <span class='ocrx_word' id='word_1_106' title='bbox 839 1524 910 1576; x_wconf 90' lang='lat' dir='ltr'>ante</span> <span class='ocrx_word' id='word_1_107' title='bbox 983 1541 1008 1578; x_wconf 75' lang='lat' dir='ltr'>so</span> <span class='ocrx_word' id='word_1_108' title='bbox 1026 1520 1028 1523; x_wconf 78' lang='grc'>’</span> 
     </span>
    </p>
   </div>
   <div class='ocr_carea' id='block_1_4' title="bbox 80 1599 915 1947">
    <p class='ocr_par' dir='ltr' id='par_1_15' title="bbox 80 1599 915 1772">
     <span class='ocr_line' id='line_1_16' title="bbox 80 1599 915 1685; baseline 0.002 -22"><span class='ocrx_word' id='word_1_109' title='bbox 80 1600 211 1663; x_wconf 86' lang='lat' dir='ltr'>Noctem</span> <span class='ocrx_word' id='word_1_110' title='bbox 219 1620 291 1663; x_wconf 88' lang='lat' dir='ltr'>cum</span> <span class='ocrx_word' id='word_1_111' title='bbox 303 1599 633 1680; x_wconf 80' lang='lat' dir='ltr'>lacibus-Numquid</span> <span class='ocrx_word' id='word_1_112' title='bbox 646 1603 836 1685; x_wconf 69' lang='lat' dir='ltr'>&#39;Pomponius</span> <span class='ocrx_word' id='word_1_113' title='bbox 850 1606 915 1665; x_wconf 89' lang='lat' dir='ltr'>istis</span> 
     </span>
     <span class='ocr_line' id='line_1_17' title="bbox 80 1691 749 1772; baseline -0.004 -16"><span class='ocrx_word' id='word_1_114' title='bbox 80 1692 209 1756; x_wconf 79' lang='lat' dir='ltr'>Audiret</span> <span class='ocrx_word' id='word_1_115' title='bbox 223 1692 369 1765; x_wconf 61' lang='lat' dir='ltr'>leviorem,</span> <span class='ocrx_word' id='word_1_116' title='bbox 383 1698 470 1771; x_wconf 89' lang='lat' dir='ltr'>pater</span> <span class='ocrx_word' id='word_1_117' title='bbox 484 1691 509 1751; x_wconf 91' lang='lat' dir='ltr'>si</span> <span class='ocrx_word' id='word_1_118' title='bbox 524 1691 656 1754; x_wconf 85' lang='lat' dir='ltr'>viveret?</span> <span class='ocrx_word' id='word_1_119' title='bbox 667 1692 749 1772; x_wconf 83' lang='lat' dir='ltr'>Ergo</span> 
     </span>
    </p>

    <p class='ocr_par' dir='ltr' id='par_1_16' title="bbox 82 1778 887 1947">
     <span class='ocr_line' id='line_1_18' title="bbox 82 1778 887 1860; baseline -0.004 -18"><span class='ocrx_word' id='word_1_120' title='bbox 82 1778 153 1842; x_wconf 91' lang='lat' dir='ltr'>Non</span> <span class='ocrx_word' id='word_1_121' title='bbox 166 1781 237 1840; x_wconf 85' lang='lat' dir='ltr'>satis</span> <span class='ocrx_word' id='word_1_122' title='bbox 249 1788 294 1841; x_wconf 91' lang='lat' dir='ltr'>est</span> <span class='ocrx_word' id='word_1_123' title='bbox 306 1780 416 1860; x_wconf 80' lang='lat' dir='ltr'>puris¹1</span> <span class='ocrx_word' id='word_1_124' title='bbox 429 1797 555 1840; x_wconf 91' lang='lat' dir='ltr'>versum</span> <span class='ocrx_word' id='word_1_125' title='bbox 570 1781 761 1859; x_wconf 89' lang='lat' dir='ltr'>perscribere</span> <span class='ocrx_word' id='word_1_126' title='bbox 774 1780 887 1853; x_wconf 87' lang='lat' dir='ltr'>verbis,</span> 
     </span>
     <span class='ocr_line' id='line_1_19' title="bbox 82 1867 862 1947; baseline -0.005 -15"><span class='ocrx_word' id='word_1_127' title='bbox 82 1868 187 1944; x_wconf 82' lang='lat' dir='ltr'>Quem</span> <span class='ocrx_word' id='word_1_128' title='bbox 200 1869 225 1929; x_wconf 91' lang='lat' dir='ltr'>si</span> <span class='ocrx_word' id='word_1_129' title='bbox 239 1868 395 1943; x_wconf 69' lang='lat' dir='ltr'>dimolvas,</span> <span class='ocrx_word' id='word_1_130' title='bbox 415 1867 515 1947; x_wconf 85' lang='lat' dir='ltr'>quivis</span> <span class='ocrx_word' id='word_1_131' title='bbox 531 1867 739 1929; x_wconf 81' lang='lat' dir='ltr'>stomachetur</span> <span class='ocrx_word' id='word_1_132' title='bbox 753 1869 862 1930; x_wconf 90' lang='lat' dir='ltr'>eodem</span> 
     </span>
    </p>
   </div>
   <div class='ocr_carea' id='block_1_5' title="bbox 81 1951 1007 2099">
    <p class='ocr_par' dir='ltr' id='par_1_17' title="bbox 81 1951 1007 2099">
     <span class='ocr_line' id='line_1_20' title="bbox 81 1951 1007 2099; baseline 0.001 -84"><span class='ocrx_word' id='word_1_133' title='bbox 81 1953 154 2030; x_wconf 86' lang='lat' dir='ltr'>Quo</span> <span class='ocrx_word' id='word_1_134' title='bbox 167 1961 346 2034; x_wconf 87' lang='lat' dir='ltr'>personatus</span> <span class='ocrx_word' id='word_1_135' title='bbox 360 1961 449 2099; x_wconf 83' lang='lat' dir='ltr'>pacto</span> <span class='ocrx_word' id='word_1_136' title='bbox 461 1954 582 2034; x_wconf 59' lang='lat' dir='ltr'>patere.</span> <span class='ocrx_word' id='word_1_137' title='bbox 598 1951 661 2028; x_wconf 82' lang='lat' dir='ltr'>llis,</span> <span class='ocrx_word' id='word_1_138' title='bbox 679 1971 735 2032; x_wconf 81' lang='lat' dir='ltr'>ego</span> <span class='ocrx_word' id='word_1_139' title='bbox 749 1970 818 2033; x_wconf 85' lang='lat' dir='ltr'>quae</span> <span class='ocrx_word' id='word_1_140' title='bbox 831 1971 926 2029; x_wconf 90' lang='lat' dir='ltr'>nunc,</span> <span class='ocrx_word' id='word_1_141' title='bbox 983 1980 1007 2016; x_wconf 75' lang='lat' dir='ltr'>ee</span> 
     </span>
    </p>
   </div>
   <div class='ocr_carea' id='block_1_6' title="bbox 78 2039 1010 2378">
    <p class='ocr_par' dir='ltr' id='par_1_18' title="bbox 82 2039 704 2124">
     <span class='ocr_line' id='line_1_21' title="bbox 82 2039 704 2124; baseline 0 -23"><span class='ocrx_word' id='word_1_142' title='bbox 82 2041 166 2103; x_wconf 87' lang='lat' dir='ltr'>Olim</span> <span class='ocrx_word' id='word_1_143' title='bbox 180 2058 250 2119; x_wconf 85' lang='lat' dir='ltr'>quae</span> <span class='ocrx_word' id='word_1_144' title='bbox 260 2040 366 2124; x_wconf 86' lang='lat' dir='ltr'>scripsi</span> <span class='ocrx_word' id='word_1_145' title='bbox 394 2039 541 2110; x_wconf 82' lang='lat' dir='ltr'>Lucilius,</span> <span class='ocrx_word' id='word_1_146' title='bbox 557 2040 666 2119; x_wconf 87' lang='lat' dir='ltr'>eripias</span> <span class='ocrx_word' id='word_1_147' title='bbox 679 2041 704 2101; x_wconf 93' lang='lat' dir='ltr'>si</span> 
     </span>
    </p>

    <p class='ocr_par' dir='ltr' id='par_1_19' title="bbox 78 2127 1010 2293">
     <span class='ocr_line' id='line_1_22' title="bbox 78 2127 1010 2276; baseline 0 -88"><span class='ocrx_word' id='word_1_148' title='bbox 78 2127 235 2276; x_wconf 49' lang='lat' dir='ltr'>§nupera</span> <span class='ocrx_word' id='word_1_149' title='bbox 240 2127 342 2188; x_wconf 71' lang='lat' dir='ltr'>certa1³</span> <span class='ocrx_word' id='word_1_150' title='bbox 347 2127 528 2206; x_wconf 88' lang='lat' dir='ltr'>modosque,</span> <span class='ocrx_word' id='word_1_151' title='bbox 539 2133 580 2201; x_wconf 87' lang='lat' dir='ltr'>et,</span> <span class='ocrx_word' id='word_1_152' title='bbox 589 2127 1010 2206; x_wconf 86' lang='lat' dir='ltr'>quodpriusordinevcrbum</span> 
     </span>
     <span class='ocr_line' id='line_1_23' title="bbox 109 2213 804 2293; baseline -0.006 -17"><span class='ocrx_word' id='word_1_153' title='bbox 109 2215 241 2277; x_wconf 84' lang='lat' dir='ltr'>asterius</span> <span class='ocrx_word' id='word_1_154' title='bbox 254 2213 354 2287; x_wconf 85' lang='lat' dir='ltr'>facias,</span> <span class='ocrx_word' id='word_1_155' title='bbox 370 2231 553 2293; x_wconf 78' lang='lat' dir='ltr'>praeponens</span> <span class='ocrx_word' id='word_1_156' title='bbox 566 2213 673 2274; x_wconf 91' lang='lat' dir='ltr'>ultima</span> <span class='ocrx_word' id='word_1_157' title='bbox 687 2213 804 2293; x_wconf 89' lang='lat' dir='ltr'>primis,</span> 
     </span>
    </p>

    <p class='ocr_par' dir='ltr' id='par_1_20' title="bbox 81 2298 862 2378">
     <span class='ocr_line' id='line_1_24' title="bbox 81 2298 862 2378; baseline -0.003 -17"><span class='ocrx_word' id='word_1_158' title='bbox 81 2298 166 2375; x_wconf 92' lang='lat' dir='ltr'>Non,</span> <span class='ocrx_word' id='word_1_159' title='bbox 181 2306 216 2360; x_wconf 89' lang='lat' dir='ltr'>ut</span> <span class='ocrx_word' id='word_1_160' title='bbox 226 2299 252 2360; x_wconf 92' lang='lat' dir='ltr'>si</span> <span class='ocrx_word' id='word_1_161' title='bbox 265 2300 362 2360; x_wconf 86' lang='lat' dir='ltr'>solvas</span> <span class='ocrx_word' id='word_1_162' title='bbox 379 2325 392 2351; x_wconf 89' lang='lat'>«</span> <span class='ocrx_word' id='word_1_163' title='bbox 408 2298 574 2378; x_wconf 82' lang='lat' dir='ltr'>Postquam</span> <span class='ocrx_word' id='word_1_164' title='bbox 581 2300 602 2334; x_wconf 66' lang='lat'>¹⁶</span> <span class='ocrx_word' id='word_1_165' title='bbox 615 2298 771 2360; x_wconf 86' lang='lat' dir='ltr'>Discordia</span> <span class='ocrx_word' id='word_1_166' title='bbox 786 2306 862 2359; x_wconf 86' lang='lat' dir='ltr'>tetra</span> 
     </span>
    </p>
   </div>
   <div class='ocr_carea' id='block_1_7' title="bbox 82 2387 1011 2468">
    <p class='ocr_par' dir='ltr' id='par_1_21' title="bbox 82 2387 1011 2468">
     <span class='ocr_line' id='line_1_25' title="bbox 82 2387 1011 2468; baseline -0.003 -17"><span class='ocrx_word' id='word_1_167' title='bbox 82 2388 186 2451; x_wconf 79' lang='lat' dir='ltr'>Belli¹⁶</span> <span class='ocrx_word' id='word_1_168' title='bbox 196 2387 323 2451; x_wconf 83' lang='lat' dir='ltr'>ferratos</span> <span class='ocrx_word' id='word_1_169' title='bbox 335 2394 437 2468; x_wconf 88' lang='lat' dir='ltr'>postes</span> <span class='ocrx_word' id='word_1_170' title='bbox 448 2396 614 2467; x_wconf 86' lang='lat' dir='ltr'>portasque</span> <span class='ocrx_word' id='word_1_171' title='bbox 626 2387 784 2465; x_wconf 73' lang='lat' dir='ltr'>refregit»</span> <span class='ocrx_word' id='word_1_172' title='bbox 985 2411 1011 2449; x_wconf 79' lang='lat' dir='ltr'>re</span> 
     </span>
    </p>
   </div>
   <div class='ocr_carea' id='block_1_8' title="bbox 114 2558 1050 2615">
    <p class='ocr_par' dir='ltr' id='par_1_22' title="bbox 114 2558 1050 2615">
     <span class='ocr_line' id='line_1_26' title="bbox 114 2558 1050 2615; baseline -0.006 -9"><span class='ocrx_word' id='word_1_173' title='bbox 114 2572 132 2606; x_wconf 90' lang='lat'>1.</span> <span class='ocrx_word' id='word_1_174' title='bbox 152 2561 233 2615; x_wconf 79' lang='lat' dir='ltr'>Accipe</span> <span class='ocrx_word' id='word_1_175' title='bbox 248 2559 343 2612; x_wconf 82' lang='lat' dir='ltr'>eontrd,</span> <span class='ocrx_word' id='word_1_176' title='bbox 359 2558 437 2602; x_wconf 79' lang='lat' dir='ltr'>ecoute</span> <span class='ocrx_word' id='word_1_177' title='bbox 454 2570 483 2602; x_wconf 84' lang='lat' dir='ltr'>en</span> <span class='ocrx_word' id='word_1_178' title='bbox 499 2559 535 2603; x_wconf 72' lang='lat' dir='ltr'>re·</span> <span class='ocrx_word' id='word_1_179' title='bbox 589 2566 610 2603; x_wconf 78' lang='lat' dir='ltr'>a.</span> <span class='ocrx_word' id='word_1_180' title='bbox 620 2558 1011 2613; x_wconf 71' lang='lat' dir='ltr'>Nepos,dissipamur-Meretrice</span> <span class='ocrx_word' id='word_1_181' title='bbox 1048 2588 1050 2593; x_wconf 77' lang='grc'><strong>.</strong></span> 
     </span>
    </p>
   </div>
   <div class='ocr_carea' id='block_1_9' title="bbox 83 2612 952 2669">
    <p class='ocr_par' dir='ltr' id='par_1_23' title="bbox 83 2612 952 2669">
     <span class='ocr_line' id='line_1_27' title="bbox 83 2612 952 2669; baseline -0.005 -14"><span class='ocrx_word' id='word_1_182' title='bbox 83 2624 165 2669; x_wconf 80' lang='lat' dir='ltr'>ponec.</span> <span class='ocrx_word' id='word_1_183' title='bbox 418 2622 422 2637; x_wconf 46' lang='lat' dir='ltr'>t</span> <span class='ocrx_word' id='word_1_184' title='bbox 563 2612 952 2665; x_wconf 61' lang='lat' dir='ltr'>termentumo’unecourusane.</span> 
     </span>
    </p>
   </div>
   <div class='ocr_carea' id='block_1_10' title="bbox 113 2662 1091 2718">
    <p class='ocr_par' dir='ltr' id='par_1_24' title="bbox 113 2662 1091 2718">
     <span class='ocr_line' id='line_1_28' title="bbox 113 2662 1091 2718; baseline -0.003 -10"><span class='ocrx_word' id='word_1_185' title='bbox 113 2674 135 2709; x_wconf 80' lang='lat'>2.</span> <span class='ocrx_word' id='word_1_186' title='bbox 149 2662 295 2717; x_wconf 76' lang='lat' dir='ltr'>Concludere,</span> <span class='ocrx_word' id='word_1_187' title='bbox 307 2665 430 2708; x_wconf 79' lang='lat' dir='ltr'>reniermer</span> <span class='ocrx_word' id='word_1_188' title='bbox 439 2664 505 2718; x_wconf 85' lang='lat' dir='ltr'>(dans</span> <span class='ocrx_word' id='word_1_189' title='bbox 514 2664 536 2707; x_wconf 90' lang='lat' dir='ltr'>le</span> <span class='ocrx_word' id='word_1_190' title='bbox 590 2670 611 2706; x_wconf 78' lang='grc'>9.</span> <span class='ocrx_word' id='word_1_191' title='bbox 634 2663 737 2707; x_wconf 78' lang='lat' dir='ltr'>Dedecus.</span> <span class='ocrx_word' id='word_1_192' title='bbox 757 2669 797 2706; x_wconf 85' lang='lat' dir='ltr'>Les</span> <span class='ocrx_word' id='word_1_193' title='bbox 813 2675 869 2718; x_wconf 82' lang='lat' dir='ltr'>gens</span> <span class='ocrx_word' id='word_1_194' title='bbox 885 2663 962 2705; x_wconf 88' lang='lat' dir='ltr'>sobres</span> <span class='ocrx_word' id='word_1_195' title='bbox 982 2675 1011 2705; x_wconf 84' lang='lat' dir='ltr'>ne</span> <span class='ocrx_word' id='word_1_196' title='bbox 1090 2668 1091 2673; x_wconf 76' lang='grc'>’</span> 
     </span>
    </p>
   </div>
   <div class='ocr_carea' id='block_1_11' title="bbox 29 2713 1013 3615">
    <p class='ocr_par' dir='ltr' id='par_1_25' title="bbox 29 2713 1013 3615">
     <span class='ocr_line' id='line_1_29' title="bbox 84 2713 986 2771; baseline -0.008 -9"><span class='ocrx_word' id='word_1_197' title='bbox 84 2719 179 2762; x_wconf 89' lang='lat' dir='ltr'>nombre</span> <span class='ocrx_word' id='word_1_198' title='bbox 194 2716 221 2759; x_wconf 90' lang='lat' dir='ltr'>de</span> <span class='ocrx_word' id='word_1_199' title='bbox 237 2713 300 2771; x_wconf 87' lang='lat' dir='ltr'>pieds</span> <span class='ocrx_word' id='word_1_200' title='bbox 315 2717 432 2770; x_wconf 76' lang='lat' dir='ltr'>regnier).</span> <span class='ocrx_word' id='word_1_201' title='bbox 447 2740 470 2748; x_wconf 91' lang='grc'>-</span> <span class='ocrx_word' id='word_1_202' title='bbox 483 2716 535 2760; x_wconf 79' lang='lat' dir='ltr'>Esse</span> <span class='ocrx_word' id='word_1_203' title='bbox 563 2715 868 2771; x_wconf 83' lang='lat' dir='ltr'>mengeeientqu&#39;aocoucher</span> <span class='ocrx_word' id='word_1_204' title='bbox 876 2716 906 2757; x_wconf 89' lang='lat' dir='ltr'>du</span> <span class='ocrx_word' id='word_1_205' title='bbox 916 2717 986 2756; x_wconf 76' lang='lat' dir='ltr'>soleii.</span> 
     </span>
     <span class='ocr_line' id='line_1_30' title="bbox 84 2768 1010 2824; baseline -0.008 -10"><span class='ocrx_word' id='word_1_206' title='bbox 84 2770 352 2824; x_wconf 53' lang='lat' dir='ltr'>sottaetreessezlpour</span> <span class='ocrx_word' id='word_1_207' title='bbox 359 2770 536 2812; x_wconf 83' lang='lat' dir='ltr'>meriterlenom</span> <span class='ocrx_word' id='word_1_208' title='bbox 593 2777 623 2812; x_wconf 77' lang='grc' dir='ltr'>ιο.</span> <span class='ocrx_word' id='word_1_209' title='bbox 646 2772 751 2821; x_wconf 72' lang='lat' dir='ltr'>Lentone,</span> <span class='ocrx_word' id='word_1_210' title='bbox 769 2771 809 2811; x_wconf 85' lang='lat' dir='ltr'>des</span> <span class='ocrx_word' id='word_1_211' title='bbox 826 2768 945 2822; x_wconf 85' lang='lat' dir='ltr'>reprocbes</span> <span class='ocrx_word' id='word_1_212' title='bbox 960 2768 1010 2820; x_wconf 82' lang='lat' dir='ltr'>plus</span> 
     </span>
     <span class='ocr_line' id='line_1_31' title="bbox 85 2821 780 2877; baseline -0.004 -12"><span class='ocrx_word' id='word_1_213' title='bbox 85 2824 206 2877; x_wconf 73' lang='lat' dir='ltr'>depoete).</span> <span class='ocrx_word' id='word_1_214' title='bbox 441 2854 446 2861; x_wconf 88' lang='lat'><em>.</em></span> <span class='ocrx_word' id='word_1_215' title='bbox 563 2821 644 2874; x_wconf 77' lang='lat' dir='ltr'>legere,</span> <span class='ocrx_word' id='word_1_216' title='bbox 654 2822 780 2875; x_wconf 86' lang='lat' dir='ltr'>plusdoux.</span> 
     </span>
     <span class='ocr_line' id='line_1_32' title="bbox 114 2873 1011 2927; baseline -0.006 -8"><span class='ocrx_word' id='word_1_217' title='bbox 114 2881 135 2919; x_wconf 81' lang='grc'>3,</span> <span class='ocrx_word' id='word_1_218' title='bbox 155 2875 273 2925; x_wconf 78' lang='lat' dir='ltr'>Sermoni,</span> <span class='ocrx_word' id='word_1_219' title='bbox 289 2875 311 2916; x_wconf 84' lang='lat' dir='ltr'>la</span> <span class='ocrx_word' id='word_1_220' title='bbox 329 2874 495 2925; x_wconf 79' lang='lat' dir='ltr'>conversation,</span> <span class='ocrx_word' id='word_1_221' title='bbox 514 2874 536 2916; x_wconf 87' lang='lat' dir='ltr'>le</span> <span class='ocrx_word' id='word_1_222' title='bbox 592 2873 1011 2927; x_wconf 76' lang='lat' dir='ltr'>11.Nonsetlseet,cen&#39;estpesassez</span> 
     </span>
     <span class='ocr_line' id='line_1_33' title="bbox 86 2924 1012 2982; baseline -0.008 -10"><span class='ocrx_word' id='word_1_223' title='bbox 86 2931 147 2982; x_wconf 80' lang='lat' dir='ltr'>style</span> <span class='ocrx_word' id='word_1_224' title='bbox 156 2928 184 2970; x_wconf 87' lang='lat' dir='ltr'>de</span> <span class='ocrx_word' id='word_1_225' title='bbox 193 2928 215 2969; x_wconf 82' lang='lat' dir='ltr'>la</span> <span class='ocrx_word' id='word_1_226' title='bbox 223 2928 386 2979; x_wconf 82' lang='lat' dir='ltr'>conversation,</span> <span class='ocrx_word' id='word_1_227' title='bbox 397 2929 417 2968; x_wconf 81' lang='lat' dir='ltr'>le</span> <span class='ocrx_word' id='word_1_228' title='bbox 428 2938 502 2980; x_wconf 86' lang='lat' dir='ltr'>prose.</span> <span class='ocrx_word' id='word_1_229' title='bbox 564 2926 573 2972; x_wconf 75' lang='lat' dir='ltr'>t</span> <span class='ocrx_word' id='word_1_230' title='bbox 590 2937 630 2967; x_wconf 89' lang='lat' dir='ltr'>our</span> <span class='ocrx_word' id='word_1_231' title='bbox 645 2927 735 2969; x_wconf 69' lang='lat' dir='ltr'>moriter</span> <span class='ocrx_word' id='word_1_232' title='bbox 750 2927 776 2968; x_wconf 83' lang='lat' dir='ltr'>le</span> <span class='ocrx_word' id='word_1_233' title='bbox 786 2937 837 2967; x_wconf 90' lang='lat' dir='ltr'>nem</span> <span class='ocrx_word' id='word_1_234' title='bbox 854 2924 882 2966; x_wconf 87' lang='lat' dir='ltr'>de</span> <span class='ocrx_word' id='word_1_235' title='bbox 895 2927 958 2977; x_wconf 72' lang='lat' dir='ltr'>poete</span> <span class='ocrx_word' id='word_1_236' title='bbox 970 2946 1012 2967; x_wconf 91' lang='grc'>.--</span> 
     </span>
     <span class='ocr_line' id='line_1_34' title="bbox 114 2976 1012 3034; baseline -0.006 -10"><span class='ocrx_word' id='word_1_237' title='bbox 114 2986 135 3024; x_wconf 73' lang='grc'>4.</span> <span class='ocrx_word' id='word_1_238' title='bbox 150 2980 250 3031; x_wconf 80' lang='lat' dir='ltr'>Idcirco,</span> <span class='ocrx_word' id='word_1_239' title='bbox 259 2983 313 3021; x_wconf 77' lang='lat' dir='ltr'>c&#39;est</span> <span class='ocrx_word' id='word_1_240' title='bbox 321 2981 436 3034; x_wconf 83' lang='lat' dir='ltr'>pourquoi,</span> <span class='ocrx_word' id='word_1_241' title='bbox 444 2981 537 3033; x_wconf 77' lang='lat' dir='ltr'>putoque</span> <span class='ocrx_word' id='word_1_242' title='bbox 584 2976 643 3033; x_wconf 66' lang='lat' dir='ltr'>oris,</span> <span class='ocrx_word' id='word_1_243' title='bbox 652 2979 751 3032; x_wconf 78' lang='lat' dir='ltr'>simplos.</span> <span class='ocrx_word' id='word_1_244' title='bbox 1005 2992 1012 3005; x_wconf 78' lang='lat'><strong>·</strong></span> 
     </span>
     <span class='ocr_line' id='line_1_35' title="bbox 29 3029 1012 3092; baseline -0.011 -13"><span class='ocrx_word' id='word_1_245' title='bbox 29 3074 31 3079; x_wconf 86' lang='lat'><em>.</em></span> <span class='ocrx_word' id='word_1_246' title='bbox 85 3035 153 3078; x_wconf 83' lang='lat' dir='ltr'>telles</span> <span class='ocrx_word' id='word_1_247' title='bbox 162 3038 213 3074; x_wconf 84' lang='lat' dir='ltr'>sont</span> <span class='ocrx_word' id='word_1_248' title='bbox 220 3033 253 3075; x_wconf 87' lang='lat' dir='ltr'>les</span> <span class='ocrx_word' id='word_1_249' title='bbox 262 3031 356 3086; x_wconf 74' lang='lat' dir='ltr'>qualites</span> <span class='ocrx_word' id='word_1_250' title='bbox 366 3035 432 3086; x_wconf 81' lang='lat' dir='ltr'>qu&#39;on</span> <span class='ocrx_word' id='word_1_251' title='bbox 438 3032 501 3086; x_wconf 82' lang='lat' dir='ltr'>exige</span> <span class='ocrx_word' id='word_1_252' title='bbox 507 3033 537 3074; x_wconf 91' lang='lat' dir='ltr'>du</span> <span class='ocrx_word' id='word_1_253' title='bbox 593 3037 625 3075; x_wconf 79' lang='lat'>12.</span> <span class='ocrx_word' id='word_1_254' title='bbox 635 3030 773 3092; x_wconf 76' lang='lat' dir='ltr'>l’ereonctus</span> <span class='ocrx_word' id='word_1_255' title='bbox 782 3033 855 3092; x_wconf 65' lang='lat' dir='ltr'>poter,</span> <span class='ocrx_word' id='word_1_256' title='bbox 863 3030 885 3070; x_wconf 92' lang='lat' dir='ltr'>le</span> <span class='ocrx_word' id='word_1_257' title='bbox 893 3029 982 3090; x_wconf 74' lang='lat' dir='ltr'>perede</span> <span class='ocrx_word' id='word_1_258' title='bbox 991 3030 1012 3075; x_wconf 77' lang='lat' dir='ltr'>la</span> 
     </span>
     <span class='ocr_line' id='line_1_36' title="bbox 86 3081 1010 3142; baseline -0.008 -14"><span class='ocrx_word' id='word_1_259' title='bbox 86 3090 160 3142; x_wconf 69' lang='lat' dir='ltr'>poete.</span> <span class='ocrx_word' id='word_1_260' title='bbox 565 3083 670 3125; x_wconf 83' lang='lat' dir='ltr'>come&#39;dre.</span> <span class='ocrx_word' id='word_1_261' title='bbox 680 3088 740 3126; x_wconf 85' lang='lat' dir='ltr'>Dens</span> <span class='ocrx_word' id='word_1_262' title='bbox 749 3085 782 3125; x_wconf 89' lang='lat' dir='ltr'>les</span> <span class='ocrx_word' id='word_1_263' title='bbox 796 3081 893 3123; x_wconf 84' lang='lat' dir='ltr'>theetres</span> <span class='ocrx_word' id='word_1_264' title='bbox 906 3093 1010 3130; x_wconf 79' lang='lat' dir='ltr'>enciens,</span> 
     </span>
     <span class='ocr_line' id='line_1_37' title="bbox 115 3134 1012 3193; baseline -0.01 -9"><span class='ocrx_word' id='word_1_265' title='bbox 115 3147 136 3183; x_wconf 81' lang='grc'>5.</span> <span class='ocrx_word' id='word_1_266' title='bbox 151 3140 208 3183; x_wconf 81' lang='lat' dir='ltr'>Acer</span> <span class='ocrx_word' id='word_1_267' title='bbox 220 3137 331 3193; x_wconf 78' lang='lat' dir='ltr'>spiritus,</span> <span class='ocrx_word' id='word_1_268' title='bbox 348 3147 392 3179; x_wconf 85' lang='lat' dir='ltr'>une</span> <span class='ocrx_word' id='word_1_269' title='bbox 406 3136 536 3190; x_wconf 85' lang='lat' dir='ltr'>inspiretlon</span> <span class='ocrx_word' id='word_1_270' title='bbox 566 3138 602 3190; x_wconf 86' lang='lat' dir='ltr'>qui</span> <span class='ocrx_word' id='word_1_271' title='bbox 622 3136 702 3178; x_wconf 82' lang='lat' dir='ltr'>e&#39;taient</span> <span class='ocrx_word' id='word_1_272' title='bbox 720 3138 855 3184; x_wconf 78' lang='lat' dir='ltr'>immenses,</span> <span class='ocrx_word' id='word_1_273' title='bbox 874 3134 908 3175; x_wconf 88' lang='lat' dir='ltr'>les</span> <span class='ocrx_word' id='word_1_274' title='bbox 925 3141 1012 3176; x_wconf 84' lang='lat' dir='ltr'>ecteurs</span> 
     </span>
     <span class='ocr_line' id='line_1_38' title="bbox 87 3187 1013 3244; baseline -0.006 -10"><span class='ocrx_word' id='word_1_275' title='bbox 87 3193 146 3244; x_wconf 83' lang='lat' dir='ltr'>vive,</span> <span class='ocrx_word' id='word_1_276' title='bbox 155 3191 237 3234; x_wconf 75' lang='lat' dir='ltr'>elerce.</span> <span class='ocrx_word' id='word_1_277' title='bbox 580 3190 675 3230; x_wconf 88' lang='lat' dir='ltr'>ortaient</span> <span class='ocrx_word' id='word_1_278' title='bbox 691 3200 720 3230; x_wconf 91' lang='lat' dir='ltr'>un</span> <span class='ocrx_word' id='word_1_279' title='bbox 732 3197 824 3240; x_wconf 82' lang='lat' dir='ltr'>masque</span> <span class='ocrx_word' id='word_1_280' title='bbox 835 3187 951 3240; x_wconf 72' lang='lat' dir='ltr'>(percocto)</span> <span class='ocrx_word' id='word_1_281' title='bbox 960 3187 1013 3229; x_wconf 87' lang='lat' dir='ltr'>dom</span> 
     </span>
     <span class='ocr_line' id='line_1_39' title="bbox 114 3200 971 3301; baseline -0.011 -11"><span class='ocrx_word' id='word_1_282' title='bbox 114 3252 136 3290; x_wconf 76' lang='lat' dir='ltr'>d.</span> <span class='ocrx_word' id='word_1_283' title='bbox 150 3244 204 3288; x_wconf 75' lang='lat' dir='ltr'>Nisi</span> <span class='ocrx_word' id='word_1_284' title='bbox 213 3243 275 3299; x_wconf 77' lang='lat' dir='ltr'>qood</span> <span class='ocrx_word' id='word_1_285' title='bbox 283 3243 335 3297; x_wconf 80' lang='lat' dir='ltr'>pede</span> <span class='ocrx_word' id='word_1_286' title='bbox 342 3247 401 3285; x_wconf 85' lang='lat' dir='ltr'>certo</span> <span class='ocrx_word' id='word_1_287' title='bbox 408 3241 486 3295; x_wconf 65' lang='lat' dir='ltr'>differt</span> <span class='ocrx_word' id='word_1_288' title='bbox 492 3254 538 3284; x_wconf 82' lang='lat' dir='ltr'>eer-</span> <span class='ocrx_word' id='word_1_289' title='bbox 565 3200 587 3283; x_wconf 59' lang='lat' dir='ltr'>fu</span> <span class='ocrx_word' id='word_1_290' title='bbox 596 3242 680 3283; x_wconf 86' lang='lat' dir='ltr'>bouche</span> <span class='ocrx_word' id='word_1_291' title='bbox 690 3240 779 3281; x_wconf 81' lang='lat' dir='ltr'>lormuit</span> <span class='ocrx_word' id='word_1_292' title='bbox 789 3250 818 3280; x_wconf 90' lang='lat' dir='ltr'>un</span> <span class='ocrx_word' id='word_1_293' title='bbox 829 3241 971 3301; x_wconf 44' lang='lat' dir='ltr'>popteroix„</span> 
     </span>
     <span class='ocr_line' id='line_1_40' title="bbox 87 3292 1012 3352; baseline -0.009 -12"><span class='ocrx_word' id='word_1_294' title='bbox 87 3297 161 3352; x_wconf 75' lang='lat' dir='ltr'>moni,</span> <span class='ocrx_word' id='word_1_295' title='bbox 174 3308 249 3339; x_wconf 78' lang='lat' dir='ltr'>serum</span> <span class='ocrx_word' id='word_1_296' title='bbox 262 3306 338 3339; x_wconf 79' lang='lat' dir='ltr'>merua</span> <span class='ocrx_word' id='word_1_297' title='bbox 344 3325 351 3348; x_wconf 90' lang='lat'>,</span> <span class='ocrx_word' id='word_1_298' title='bbox 362 3303 443 3347; x_wconf 83' lang='lat' dir='ltr'>etque,</span> <span class='ocrx_word' id='word_1_299' title='bbox 454 3296 505 3337; x_wconf 82' lang='lat' dir='ltr'>suut</span> <span class='ocrx_word' id='word_1_300' title='bbox 516 3296 538 3337; x_wconf 91' lang='lat' dir='ltr'>le</span> <span class='ocrx_word' id='word_1_301' title='bbox 593 3300 625 3337; x_wconf 81' lang='lat'>13.</span> <span class='ocrx_word' id='word_1_302' title='bbox 633 3293 740 3348; x_wconf 83' lang='lat' dir='ltr'>Tempora</span> <span class='ocrx_word' id='word_1_303' title='bbox 750 3295 819 3342; x_wconf 81' lang='lat' dir='ltr'>certe,</span> <span class='ocrx_word' id='word_1_304' title='bbox 829 3292 863 3332; x_wconf 90' lang='lat' dir='ltr'>les</span> <span class='ocrx_word' id='word_1_305' title='bbox 869 3296 941 3345; x_wconf 84' lang='lat' dir='ltr'>temps</span> <span class='ocrx_word' id='word_1_306' title='bbox 949 3303 1012 3344; x_wconf 79' lang='lat' dir='ltr'>regu-</span> 
     </span>
     <span class='ocr_line' id='line_1_41' title="bbox 87 3344 770 3406; baseline -0.01 -13"><span class='ocrx_word' id='word_1_307' title='bbox 87 3352 198 3406; x_wconf 76' lang='lat' dir='ltr'>rhythmo,</span> <span class='ocrx_word' id='word_1_308' title='bbox 205 3351 260 3393; x_wconf 85' lang='lat' dir='ltr'>c&#39;est</span> <span class='ocrx_word' id='word_1_309' title='bbox 269 3350 290 3391; x_wconf 90' lang='lat' dir='ltr'>le</span> <span class='ocrx_word' id='word_1_310' title='bbox 298 3348 375 3402; x_wconf 79' lang='lat' dir='ltr'>simple</span> <span class='ocrx_word' id='word_1_311' title='bbox 383 3348 476 3401; x_wconf 75' lang='lat' dir='ltr'>lengage</span> <span class='ocrx_word' id='word_1_312' title='bbox 483 3348 538 3389; x_wconf 83' lang='lat' dir='ltr'>dele</span> <span class='ocrx_word' id='word_1_313' title='bbox 564 3347 626 3399; x_wconf 87' lang='lat' dir='ltr'>liers,</span> <span class='ocrx_word' id='word_1_314' title='bbox 635 3349 656 3387; x_wconf 84' lang='lat' dir='ltr'>le</span> <span class='ocrx_word' id='word_1_315' title='bbox 664 3344 770 3398; x_wconf 75' lang='lat' dir='ltr'>queunte.</span> 
     </span>
     <span class='ocr_line' id='line_1_42' title="bbox 85 3395 1013 3455; baseline -0.011 -9"><span class='ocrx_word' id='word_1_316' title='bbox 85 3399 364 3455; x_wconf 55' lang='lat' dir='ltr'>conversation-Dima</span> <span class='ocrx_word' id='word_1_317' title='bbox 370 3402 469 3443; x_wconf 77' lang='lat' dir='ltr'>serment</span> <span class='ocrx_word' id='word_1_318' title='bbox 478 3400 539 3454; x_wconf 77' lang='lat' dir='ltr'>equi-</span> <span class='ocrx_word' id='word_1_319' title='bbox 593 3398 865 3452; x_wconf 77' lang='lat' dir='ltr'>14.Pootqoam,etc.vers</span> <span class='ocrx_word' id='word_1_320' title='bbox 872 3395 1013 3439; x_wconf 67' lang='lat' dir='ltr'>desinentes</span> 
     </span>
     <span class='ocr_line' id='line_1_43' title="bbox 87 3452 1011 3510; baseline -0.01 -13"><span class='ocrx_word' id='word_1_321' title='bbox 87 3464 139 3500; x_wconf 75' lang='lat' dir='ltr'>veut</span> <span class='ocrx_word' id='word_1_322' title='bbox 148 3454 162 3495; x_wconf 78' lang='lat' dir='ltr'>t</span> <span class='ocrx_word' id='word_1_323' title='bbox 172 3455 249 3510; x_wconf 65' lang='lat' dir='ltr'>differt</span> <span class='ocrx_word' id='word_1_324' title='bbox 258 3464 274 3495; x_wconf 86' lang='lat' dir='ltr'>o</span> <span class='ocrx_word' id='word_1_325' title='bbox 281 3464 389 3496; x_wconf 77' lang='lat' dir='ltr'>sermone.</span> <span class='ocrx_word' id='word_1_326' title='bbox 565 3452 679 3503; x_wconf 73' lang='lat' dir='ltr'>dimotus,</span> <span class='ocrx_word' id='word_1_327' title='bbox 689 3453 726 3502; x_wconf 83' lang='lat' dir='ltr'>qui</span> <span class='ocrx_word' id='word_1_328' title='bbox 735 3460 765 3493; x_wconf 86' lang='lat' dir='ltr'>ne</span> <span class='ocrx_word' id='word_1_329' title='bbox 773 3461 829 3492; x_wconf 82' lang='lat' dir='ltr'>nous</span> <span class='ocrx_word' id='word_1_330' title='bbox 843 3456 894 3491; x_wconf 85' lang='lat' dir='ltr'>sont</span> <span class='ocrx_word' id='word_1_331' title='bbox 906 3461 946 3502; x_wconf 84' lang='lat' dir='ltr'>pes</span> <span class='ocrx_word' id='word_1_332' title='bbox 960 3460 1011 3500; x_wconf 85' lang='lat' dir='ltr'>par-</span> 
     </span>
     <span class='ocr_line' id='line_1_44' title="bbox 114 3504 656 3602; baseline -0.009 -51"><span class='ocrx_word' id='word_1_333' title='bbox 114 3518 136 3555; x_wconf 74' lang='lat' dir='ltr'>e.</span> <span class='ocrx_word' id='word_1_334' title='bbox 149 3504 538 3602; x_wconf 54' lang='lat' dir='ltr'>At,m&#39;ptplpmedlre-t-on).-Ar-</span> <span class='ocrx_word' id='word_1_335' title='bbox 565 3515 656 3549; x_wconf 78' lang='lat' dir='ltr'>rennes.</span> 
     </span>
     <span class='ocr_line' id='line_1_45' title="bbox 87 3555 1010 3615; baseline -0.012 -9"><span class='ocrx_word' id='word_1_336' title='bbox 87 3560 148 3615; x_wconf 71' lang='lat' dir='ltr'>eor,</span> <span class='ocrx_word' id='word_1_337' title='bbox 158 3562 218 3605; x_wconf 80' lang='lat' dir='ltr'>entia</span> <span class='ocrx_word' id='word_1_338' title='bbox 287 3558 326 3610; x_wconf 84' lang='lat' dir='ltr'>(de</span> <span class='ocrx_word' id='word_1_339' title='bbox 333 3560 421 3610; x_wconf 79' lang='lat' dir='ltr'>colere).</span> <span class='ocrx_word' id='word_1_340' title='bbox 595 3563 627 3603; x_wconf 78' lang='lat'>1⁵.</span> <span class='ocrx_word' id='word_1_341' title='bbox 642 3555 709 3601; x_wconf 81' lang='lat' dir='ltr'>Belli.</span> <span class='ocrx_word' id='word_1_342' title='bbox 718 3558 748 3599; x_wconf 81' lang='lat' dir='ltr'>Le</span> <span class='ocrx_word' id='word_1_343' title='bbox 757 3557 838 3610; x_wconf 86' lang='lat' dir='ltr'>temple</span> <span class='ocrx_word' id='word_1_344' title='bbox 846 3555 874 3598; x_wconf 88' lang='lat' dir='ltr'>de</span> <span class='ocrx_word' id='word_1_345' title='bbox 884 3557 951 3598; x_wconf 78' lang='lat' dir='ltr'>tanus</span> <span class='ocrx_word' id='word_1_346' title='bbox 961 3564 1010 3595; x_wconf 86' lang='lat' dir='ltr'>res·</span> 
     </span>
    </p>
   </div>
   <div class='ocr_carea' id='block_1_12' title="bbox 0 0 1193 4022">
    <p class='ocr_par' dir='ltr' id='par_1_26' title="bbox 0 0 1193 4022">
     <span class='ocr_line' id='line_1_46' title="bbox 0 0 1193 4022; baseline 0 0"><span class='ocrx_word' id='word_1_347' title='bbox 0 0 1193 4022; x_wconf 95' lang='lat' dir='ltr'> </span> 
     </span>
    </p>
   </div>
  </div>
 </body>
</html>
