2270 4006
286 275 484 322 ltrlsrobtltult
504 275 587 321 Lim
607 276 640 322 11.
662 265 689 323 l.
892 262 949 320 377

43 393 128 468 Quod
141 409 263 455 meeum
276 390 410 470 ignorat,
425 391 506 454 solus
519 391 582 454 vult
594 391 670 454 seire
681 391 793 469 videri,

44 479 168 558 ingeniis
182 496 244 541 nou
258 477 307 538 ille
321 475 399 539 iavet
411 478 587 559 plauditque
600 479 740 559 sepultis,

44 566 144 629 Nostra
158 567 210 627 sed
223 566 401 645 impugnat;
415 583 471 628 nos
484 574 647 644 nostraque
661 565 772 627 lividus
785 565 859 628 odit.

45 656 168 732 Quodsi
183 665 243 717 tam
257 653 722 716 Graeoisuovitesiuvisaiuisset
926 672 954 712 oo

46 744 138 821 Quam
148 744 245 819 nobis,
258 744 332 824 quid
341 760 424 805 nuno
433 749 510 805 esset
519 740 685 805 vetusiaut
695 741 770 822 quid
779 740 903 803 haberet
983 830 987 839 ι

45 832 131 907 Quod
143 835 256 913 legeret
270 840 441 913 tereretque
453 831 565 893 viritim
579 831 719 912 publious
732 829 845 893 usus¹l

81 920 120 983 Ut
132 924 266 1005 primum
281 922 384 1003 positis
398 922 523 1000 nugeri²
537 920 652 982 Graeoie
665 921 750 981 bellis
847 994 850 1003 ,

48 1009 154 1092 Coepit,
169 1019 200 1073 et
213 1012 245 1072 in
259 1011 365 1072 vitium
379 1009 499 1071 fortuna
512 1008 605 1069 labier
619 1010 734 1090 oequt⁸,

48 1098 131 1161 Nune
143 1098 327 1162 athletarum
338 1098 459 1173 studiis,
478 1116 561 1159 nunc
574 1100 645 1160 arsit
658 1115 825 1177 equorum;
934 1119 959 1156 ss

48 1187 199 1251 Marmoris
213 1197 266 1250 aut
278 1187 378 1249 eboris
392 1186 492 1248 fabros
505 1195 559 1248 aut
571 1187 638 1248 aeris
652 1187 776 1259 amavit,

50 1276 206 1358 Suspendit
220 1278 301 1358 pieta
312 1277 430 1339 vultum
446 1277 660 1357 mentemque*
674 1275 796 1347 tabelli,

49 1363 132 1427 Nune
148 1365 337 1440 tibicinium,
353 1382 437 1426 nuno
450 1372 495 1426 est
508 1366 607 1440 gavisa
620 1364 779 1441 tragoedis:
806 1442 817 1453 ⁸

51 1453 110 1514 Sub
121 1455 239 1516 nutrire
253 1454 354 1534 puella
366 1454 449 1516 velut
462 1453 488 1515 si
500 1454 619 1516 luderet
632 1453 744 1528 iuisnS,

51 1539 134 1616 Quod
147 1542 256 1623 cupide
269 1543 370 1623 petiit,
385 1544 504 1603 mature
517 1543 771 1623 ptena⁸reliquit
927 1564 964 1601 ιω

53 1624 129 1701 Quid
139 1629 237 1709 placet
248 1635 300 1689 out
310 1628 381 1691 odio
392 1636 452 1703 est,
467 1628 550 1708 quod
562 1645 624 1690 non
636 1631 782 1691 mutabile
795 1627 921 1691 credas?

52 1713 113 1778 lloo
126 1734 214 1796 paces
226 1716 362 1779 habuere
375 1717 464 1780 bonae
477 1719 622 1796 ventique
635 1718 789 1781 seeundi‘.

88 1802 190 1866 llomae
203 1804 292 1866 dulce
306 1804 359 1866 diu
372 1803 430 1867 tuit
443 1812 473 1867 et
484 1806 607 1867 solenne
624 1806 739 1869 recluso

53 1891 134 1961 blane
148 1894 240 1955 domo
252 1892 392 1972 vigilare,
409 1893 510 1956 clienti
525 1912 665 1976 promere
678 1896 775 1973 jurei,

55 1978 160 2041 (lautos
173 1979 349 2041 nominibus
362 1980 453 2042 raetis
466 1982 638 2062 expendere
652 2000 796 2044 nummos
802 1982 824 2057 ⁸,
932 2004 968 2043 ιιι

54 2064 177 2147 Majores
189 2067 322 2142 audirel,
338 2068 450 2131 minori
465 2070 567 2131 dicere
581 2088 636 2151 per
650 2089 720 2151 que

56 2153 192 2216 Crescere
205 2173 253 2216 res
266 2162 367 2236 posset
374 2178 387 2231 ,·
399 2155 496 2217 minui
511 2157 656 2220 damnosa
671 2157 776 2221 libido.

56 2240 175 2303 llutavit
186 2241 324 2305 ruentem
332 2244 356 2279 ¹⁰
365 2246 498 2325 populus
512 2246 602 2323 levis,
618 2256 648 2310 et
661 2250 738 2311 calet
751 2265 814 2310 uno

57 2328 211 2393 Scribendi
222 2332 341 2406 studio;
356 2334 506 2415 puerique
522 2345 684 2419 patresque
698 2337 794 2400 severi

59 2482 155 2522 carmen,
162 2470 184 2514 le
191 2470 303 2534 obautdes
311 2476 397 2541 premes
408 2473 499 2537 sabens.
530 2475 748 2536 eutred’unsrttoo
756 2481 864 2538 suueurt.
873 2475 972 2536 u'sutros

60 2525 166 2576 veebum,
176 2536 234 2567 arnor
247 2536 290 2580 quo
306 2525 444 2569 llusutuuou
459 2527 499 2570 des
527 2527 905 2581 Jorgnentttortmoturtrsquurt.
967 2568 972 2577 ,

58 2576 139 2628 prttres
153 2577 246 2628 saliens,
262 2580 380 2621 remonuit
394 2579 408 2620 t
423 2582 500 2633 Numa,
556 2587 576 2624 t.
592 2579 866 2636 dorobernenses
880 2584 933 2623 orta.
948 2601 974 2612 -
1045 2622 1050 2626 ,

60 2631 109 2671 dest
117 2630 191 2673 a-diro
201 2632 266 2674 tuoe
279 2631 365 2685 e'poque
379 2633 407 2674 ob
419 2632 441 2673 lo
450 2633 499 2674 lon·
529 2631 604 2685 Pereo,
613 2635 647 2675 les
656 2635 731 2677 loisirs
742 2635 770 2678 de
784 2637 805 2676 la
814 2633 870 2686 prix.
881 2654 908 2664 -
916 2632 976 2685 Poe,

85 2693 98 2724 a
111 2682 187 2725 u'etoit
199 2694 238 2737 pos
252 2694 333 2727 eueore
346 2682 436 2728 formio.
447 2688 500 2738 toy,
529 2697 557 2728 ou
567 2687 655 2740 pluriel,
674 2688 760 2742 siguino
773 2684 976 2741 presquetouiours

68 2741 138 2778 orote
148 2743 160 2777 2
170 2747 198 2778 so
207 2735 295 2778 bsurde
304 2738 387 2791 lspege
396 2744 429 2782 5².
530 2738 653 2782 destruitis
662 2738 690 2782 de
699 2742 755 2796 pair.
767 2760 790 2770 -
804 2738 865 2783 Venti
875 2736 976 2788 rerurrdt,

85 2799 103 2830 ι.
125 2786 220 2838 Tereret,
238 2790 289 2831 ustt
310 2791 356 2843 (eu
381 2789 504 2834 feuilletant
530 2792 564 2834 loo
577 2799 642 2835 rents
659 2793 788 2842 favorables,
805 2790 939 2834 desti-dire
956 2790 978 2832 la

62 2851 110 2883 suns
128 2842 223 2893 eoem),
241 2842 378 2886 e'est-tdire
394 2844 505 2899 protiquot
530 2845 603 2887 bonne
614 2846 707 2890 fortune.

62 2894 202 2937 ussidilment.
211 2915 238 2925 -
251 2893 358 2939 Publicus
369 2907 432 2939 usus.
449 2902 505 2939 'tant
558 2905 578 2941 t.
595 2897 856 2954 Clieutipromerrwro,
863 2896 979 2969 expliquer

63 2944 87 2988 de
94 2948 164 2989 braux
172 2958 290 3002 ouvrages,
299 2950 337 3043 (put
347 2955 399 2991 sont
407 2950 502 2993 mointe-
531 2949 565 2992 les
574 2951 616 2993 lois
626 2953 685 2994 teon
695 2952 770 2995 client.
781 2957 851 2993 teano
858 2959 888 2998 ou
896 2948 912 2990 il
921 2959 934 3000 y
943 2949 980 2992 ebt

63 3000 149 3042 uonodu
160 3001 305 3055 domeinopu
321 3001 360 3056 lio,
370 3002 505 3046 ueremient
532 3003 665 3047 desavocaos
678 3011 701 3047 et
715 3006 754 3046 des
766 3002 938 3057 jurisconsultos
951 3003 979 3044 de

62 3061 98 3103 pos
107 3064 177 3096 renus
185 3053 273 3111 Jusqu'i
282 3066 345 3097 nous.
532 3056 670 3110 profession,
687 3058 708 3100 le
726 3061 803 3111 petron
827 3055 920 3098 donneit
938 3054 978 3098 des

86 3111 105 3148 u.
119 3105 224 3160 Nupari,
238 3110 352 3162 o'oeouper
366 3107 393 3151 de
407 3108 422 3151 b
449 3107 505 3151 atel·
531 3109 843 3153 corrouttotioustsesclients
852 3115 875 3152 at
888 3108 981 3164 plaidsit

63 3154 101 3209 leo,
110 3157 138 3201 de
147 3158 430 3212 frivolite's,o'est·trdirese
446 3162 506 3205 ivrer
531 3173 645 3216 poureux.

63 3212 242 3257 turbetur-aru.
559 3222 579 3259 u.
593 3219 675 3262 cautos
682 3216 813 3261 nominibus
821 3217 888 3260 ruetis
896 3226 980 3270 mpero-

88 3263 212 3320 biblium,
227 3268 260 3311 les
275 3265 505 3322 plustre-AEquo,
532 3268 582 3312 dere
595 3281 707 3319 nummos,
726 3281 818 3313 oranter
840 3270 867 3313 do
888 3267 982 3321 l’urgeut

64 3313 179 3365 lamroble.
188 3321 302 3374 prospere.
532 3327 617 3377 geronti
631 3335 671 3383 par
684 3323 712 3364 de
724 3323 780 3366 bons
792 3323 874 3367 billots.

87 3374 107 3412 4.
122 3371 244 3426 Suspendit
253 3374 346 3416 voltum
359 3375 505 3428 mentemque,
560 3382 579 3419 t.
594 3376 689 3429 Maiores
698 3375 788 3431 audire,
801 3377 889 3419 ecouter
900 3383 937 3414 ses
947 3373 985 3418 'ei-

66 3426 190 3478 suspendit,
209 3428 345 3471 e'est-t-dire
362 3429 448 3468 ettoeba
470 3438 507 3469 ses
533 3427 581 3490 nes,
594 3429 788 3473 cua-aureum
797 3429 867 3493 docile
876 3435 917 3468 aux
928 3439 984 3471 corr·

65 3479 506 3588 yegfjiasffitfiffleaboblentttrasnsito,
532 3482 941 3590 aelrlgfifflmtfimhobsssff
963 3537 976 3569 θ

68 3592 155 3632 mount
172 3597 227 3629 sens
240 3597 303 3633 cesse
317 3588 368 3632 d'un
381 3589 434 3642 gout
448 3588 462 3630 t
476 3599 505 3630 uu
534 3589 606 3641 muts.
