2356 4022
142 309 201 368 252
314 278 329 381 ,ὁ
377 266 392 287 ’
460 319 490 371 o.
514 316 630 362 aonam
650 316 748 363 rusccr

143 436 317 516 Ingenium,
333 434 446 514 capsis¹
462 451 558 513 quem
570 432 652 493 fama
665 442 790 494 estesse
803 432 948 512 librisque

143 523 327 585 Ambustum
343 521 484 601 propriis.
502 517 606 581 Fuerit
618 519 761 594 Lucilius,
777 521 912 600 inquam,

143 610 244 672 domis
259 616 290 669 et
303 608 449 681 urbanus,
466 609 559 669 luerit
572 609 704 669 limatior
718 608 800 668 idem
1040 632 1065 669 rs

143 698 242 774 Quam
252 699 337 760 rudis
351 706 381 758 et
396 698 508 759 Graecis
520 698 624 761 intacti
639 697 783 760 carminis
796 698 928 772 auctor²,

144 789 306 866 Quemque
317 795 477 866 poetarum
491 782 666 847 seniorum⁸
680 785 785 856 turba;
802 784 855 845 sed
869 784 930 859 ille,

144 873 176 935 Si
186 874 263 935 foret
274 875 333 935 hoc
346 882 483 936 nostrum
498 873 559 934 lato
574 874 686 935 dilatus
699 874 730 933 in
745 891 857 943 aevum,

143 961 316 1023 Detereret⁸
327 963 382 1023 sibi
398 962 507 1036 multa,
523 963 672 1022 recideret
683 980 774 1021 omne
786 960 870 1040 quod
883 961 962 1021 ultra

144 1047 317 1109 Perfectum
331 1048 529 1120 traheretur⁸‚
545 1056 576 1108 et
588 1048 620 1107 in
635 1066 727 1108 versu
739 1045 877 1108 faciendo
1042 1071 1068 1108 ro

144 1134 231 1216 Saepe
244 1136 335 1215 caput
345 1135 491 1216 scaberet,
503 1136 586 1196 vivos
600 1142 630 1195 et
645 1135 782 1195 roderet⁶
797 1153 927 1212 ungues.

184 1222 271 1304 Saepe
282 1224 394 1301 stylum
406 1223 534 1296 vertas⁷,
546 1223 658 1317 iterum
670 1240 740 1301 quae
755 1221 845 1301 digua
859 1221 918 1300 legi
932 1221 991 1282 sint

145 1310 338 1391 Scripturus;
354 1328 455 1388 neque
469 1318 499 1369 te
512 1319 547 1370 ut
557 1310 686 1373 miretur
699 1310 790 1370 turba
802 1309 931 1385 labores,

146 1398 313 1459 Contentus
326 1398 430 1477 paucis
445 1396 619 1459 lectoribus
633 1397 681 1457 An
697 1405 749 1458 tua
761 1398 890 1459 demens

145 1484 261 1545 Vilibus
275 1484 306 1544 iu
320 1483 804 1546 ludisdictari⁸carmiuamalisl
1046 1510 1070 1547 rs

145 1570 213 1632 Non
224 1591 291 1650 ego;
307 1589 378 1632 nam
386 1573 462 1631 sutis
470 1578 513 1630 est
521 1573 747 1649 equitemlmtlu·
751 1574 911 1650 plaudere,
921 1574 1069 1648 utaudax,

147 1658 333 1739 Contemptis
348 1658 423 1729 aliis,
440 1658 562 1737 explosa
571 1658 769 1718 Arbuscula¹⁰
782 1660 866 1720 dixit.

147 1745 226 1810 Men'
243 1758 361 1809 moveat
374 1748 473 1808 cimex
486 1745 676 1807 Pantilius¹¹?
686 1755 744 1809 tut
753 1749 872 1809 cruciet
882 1749 967 1829 qubd

147 1833 273 1895 Vellicet
281 1835 439 1895 absentem
448 1833 659 1906 Demetrius¹¹,
675 1842 728 1894 aut
742 1836 826 1915 quod
840 1835 963 1916 ineptus

147 1919 307 1982 Fannius¹³
321 1918 521 1999 Hermogenis
530 1919 621 1980 laedat
635 1919 761 1981 conviva
772 1919 900 2000 Tigelli?
1049 1944 1074 1982 u
1166 1954 1167 1961 .

147 1998 263 2071 Plotius
277 2017 308 2071 et
320 2007 428 2070 Varius
441 2009 472 2082 ¹⁸,
489 2006 634 2068 Maeceuas
648 2005 866 2088 virgiliusque,

147 2095 281 2176 Valgius,
297 2106 328 2157 et
338 2097 448 2178 probet
461 2097 528 2156 haea
540 2093 682 2156 Octavius
688 2098 719 2167 ¹³,
735 2096 872 2174 optimus
886 2103 978 2174 atque

147 2182 275 2260 Fuscus,
290 2192 321 2245 et
333 2184 400 2245 haec
414 2182 531 2244 utinam
545 2180 706 2245 Viscorum
716 2182 818 2245 laudet
827 2182 999 2262 uterque¹⁶t

149 2351 269 2405 qu'lloraoe
276 2352 345 2393 citeri
353 2350 405 2405 plus
413 2350 469 2394 loin.
479 2353 532 2402 vau.
541 2337 597 2404 itpt·
654 2354 673 2391 t.
690 2348 770 2402 Ludis,
779 2349 861 2394 ecoles.
877 2372 901 2381 -
917 2350 1017 2402 Platori,
1027 2350 1076 2394 etro

151 2408 234 2456 treet.
245 2407 306 2452 tut.
628 2400 698 2444 dictes
709 2402 1049 2456 tcommeleconauxecolters).

180 2464 198 2497 t.
213 2456 299 2509 Capria,
312 2454 384 2497 balias
396 2453 549 2507 (reulermsnt
563 2454 598 2495 les
654 2460 673 2498 9.
690 2452 804 2509 Equitem,
815 2456 835 2494 le
847 2455 967 2498 chevalier,
981 2457 1076 2497 cesi-s-

151 2511 308 2558 manuscrits).
627 2506 677 2548 dire
686 2506 719 2548 les
731 2507 864 2561 chevaliers,
879 2507 913 2548 los
926 2518 981 2558 gens
990 2518 1076 2551 comam

178 2567 197 2603 2.
213 2561 326 2603 limatior
342 2562 413 2614 quam
431 2559 530 2608 rudia...
547 2569 598 2601 aar·
628 2559 645 2600 il
656 2559 709 2609 titur,
720 2560 753 2600 les
764 2558 925 2611 gerisdeuobt.

151 2613 222 2655 ruinis
237 2618 327 2665 auctor,
343 2613 393 2666 plus
407 2612 477 2654 ebetie
490 2613 556 2665 qu'on
570 2622 599 2652 ne
656 2617 686 2654 tov
703 2610 814 2663 Euploea.
824 2611 906 2663 sames,
917 2624 945 2654 un
952 2612 1003 2663 jour
1011 2613 1076 2666 qu'ou

151 2667 239 2718 pouvait
256 2664 358 2719 t'esperer
367 2664 394 2707 de
407 2665 539 2707 l’iavertteur
548 2664 598 2704 d’un
628 2663 650 2705 la
665 2664 728 2705 siffis.
745 2686 768 2694 -
783 2664 917 2714 Arbuscula,
933 2664 1078 2707 comedienoe

151 2729 222 2769 genre
231 2728 311 2759 encore
325 2717 386 2768 brut,
397 2716 533 2760 c'est-edire
547 2716 598 2757 d’un
628 2715 754 2769 distingues
763 2716 816 2757 dont
826 2718 887 2766 parle
897 2717 995 2759 ciceron.

152 2780 221 2823 genre
235 2781 346 2822 noureau,
363 2781 405 2823 que
422 2771 454 2812 les
468 2770 535 2812 Graes
551 2769 600 2810 n‘a-
658 2777 690 2811 tt.
706 2768 784 2810 Oinreat
792 2767 926 2823 Pantilius,
936 2769 1042 2811 Pantilius
1055 2769 1077 2811 la

152 2824 227 2864 valent
236 2835 274 2875 pas
282 2820 371 2864 aliorde.
630 2821 728 2874 punaise,
737 2820 874 2863 dest-edire
881 2822 913 2863 les
927 2822 1034 2874 critiques
1047 2821 1077 2864 (lu

179 2882 199 2918 3.
215 2875 336 2917 Poetarum
343 2875 468 2916 seniorum.
475 2871 549 2913 Livius
558 2877 599 2913 ltn-
629 2881 698 2925 puant
707 2873 820 2914 Pantilius.
836 2875 955 2925 Pantilius,
965 2877 1029 2928 poeta
1039 2874 1078 2916 de·

153 2925 270 2971 (ironicus.
281 2924 599 2979 Nerius,ltnnius‚Pacuvius,
631 2925 722 2966 testable
736 2928 765 2966 riu
776 2935 854 2979 temps.

152 2977 246 3020 cecilius
255 2979 335 3021 statius
343 2986 365 3020 et
373 2981 453 3020 Pleute.
658 2979 741 3021 nullut
750 2979 913 3032 aructatqued,
923 2989 952 3020 ou
960 2990 1003 3034 que
1013 2979 1033 3020 'e
1041 2990 1077 3021 me

181 3034 200 3071 l.
216 3030 322 3080 Dilatua,
337 3030 433 3074 resurae.
444 3049 470 3060 -
478 3028 600 3083 Deterret,
629 3025 750 3072 lassedels
759 3029 803 3071 bile
811 3041 874 3082 perce
883 3043 962 3084 qus...
971 3053 993 3061 υ

155 3081 275 3124 anteverait
283 3088 347 3134 (avec
357 3086 377 3124 le
386 3083 453 3133 lime).
630 3082 696 3123 rrius.
708 3085 760 3133 νος.
767 3083 788 3122 la
796 3089 847 3125 note
857 3087 877 3133 l,
887 3094 941 3137 paga
951 3088 997 3128 tlt.

182 3139 201 3175 t.
222 3134 285 3185 Quod
302 3136 400 3177 ultra...
419 3133 555 3182 traheretur,
574 3145 600 3176 ca
658 3140 689 3178 ta.
701 3131 811 3176 Faurrt'us.
830 3138 926 3177 Fannius
940 3136 1070 3185 Quadratus.

154 3185 191 3236 qui
208 3186 322 3229 trslnerair
342 3199 368 3229 au
389 3188 438 3229 deit
455 3187 484 3228 du
504 3185 598 3238 perluit,
629 3189 682 3240 vor.
692 3185 714 3227 la
724 3195 774 3228 note
783 3193 797 3228 2
806 3186 834 3228 de
844 3187 865 3228 la
875 3199 931 3243 pege
940 3195 988 3232 aaa.

155 3237 296 3280 c'est-l-dire
312 3240 345 3281 les
361 3241 479 3282 lonuueurs
493 3238 530 3289 qui
548 3240 600 3280 nui·
659 3245 690 3284 il.
704 3238 801 3282 Plotius.
817 3242 869 3291 νος.
885 3241 907 3283 lu
921 3245 999 3283 notat
1016 3241 1044 3284 da
1056 3241 1079 3283 lu

155 3290 227 3330 ruteni
236 3290 249 3331 t
258 3291 279 3330 la
288 3291 408 3344 perfectiori
419 3292 446 3334 de
455 3290 573 3344 l’ourrage.
645 3303 684 3346 age
694 3288 868 3334 tis-Parrus.
877 3297 930 3348 νος.
937 3294 959 3336 la
968 3301 1020 3336 nola
1030 3302 1039 3336 t
1049 3295 1079 3336 da

183 3345 201 3382 t
222 3339 284 3401 Viaca
304 3345 404 3397 raderet,
420 3343 531 3397 raugemil
549 3345 601 3394 jus-
629 3304 715 3398 burge
728 3352 757 3387 tt.

155 3393 220 3445 qu’au
230 3392 266 3433 vil.
503 3441 506 3446 ,
659 3403 689 3442 15.
711 3394 815 3449 Valgius.
829 3399 882 3449 Vos.
896 3396 1034 3452 l'trgument
1049 3399 1078 3441 de

183 3452 203 3487 t.
226 3442 318 3504 stylum
335 3453 423 3502 autur,
441 3454 543 3491 rotome
562 3454 599 3490 ton
629 3448 1078 3504 l'0devrdulirrell.—Hoec,cesecrits,

105 3530 117 3565 p
157 3497 219 3557 stile.
232 3495 411 3542 onecnvaitsur
424 3501 504 3544 iscire
518 3502 600 3543 avecls
629 3503 1078 3558 meavers.-0ctarius,puelaethis-

157 3557 233 3611 pointe
242 3548 270 3589 du
280 3550 344 3603 styla,
356 3557 379 3593 et
387 3563 415 3594 an
425 3553 510 3608 strepuit
517 3562 571 3596 avec
580 3554 601 3597 le
630 3556 701 3597 tollen
711 3552 828 3606 distingue.

156 3612 207 3652 gros
219 3601 277 3646 baut.
658 3612 689 3650 iu.
704 3605 798 3649 Fuscus.
808 3607 903 3649 tristius
916 3609 1008 3651 Fuscus.
1022 3611 1076 3656 var.
