2352 4008
356 326 553 381 rrtsrotlumt
572 330 655 377 cnm
674 328 707 375 n.
728 318 756 373 2
961 308 1019 366 393

96 446 156 509 llic
169 448 238 522 ubi,
253 456 454 527 cognatorum
468 445 594 526 opibus¹
611 439 914 528 curisquereiectuS,

94 535 224 616 Expulit
236 536 393 599 helleboro
406 534 551 596 morbum
565 532 723 611 bilemque
736 547 868 629 mereco,

95 623 137 685 Et
150 624 230 686 redit
241 626 278 685 ad
293 616 359 687 sese
373 673 381 687 .
397 653 411 679 α
422 623 492 697 Pol,
508 640 559 684 me
573 618 738 692 occidistis,
754 635 859 688 amtor,

96 711 167 772 Non
181 715 335 788 servastis,
350 714 407 786 ait,
426 713 476 774 cui
490 713 534 774 sic
547 717 666 772 extorta
678 707 831 786 uoluptas,

95 798 137 860 Et
150 801 292 882 demptus
308 820 364 882 per
379 802 441 863 vim
453 793 566 861 mentis
579 797 767 877 gratissimus
782 792 881 855 errori
892 819 906 843 η
983 812 1021 848 no
1170 804 1171 825 r

140 888 293 952 Nimirum
306 908 412 971 sapere
426 897 472 950 est
485 888 609 966 abjectis
624 887 700 948 utile
714 884 820 962 nugis,

97 976 138 1038 Et
151 980 367 1058 tempestivum
381 978 485 1057 pueris
499 976 668 1037 concedere
682 972 824 1069 ludum',
848 1056 855 1069 .

97 1064 143 1125 Ac
155 1084 218 1127 nun
233 1067 325 1126 verba
337 1066 424 1146 sequi
439 1064 552 1126 fidibus
564 1062 751 1138 modulanda
761 1057 886 1157 Latium,

97 1152 159 1214 Sed
172 1172 253 1214 verae
265 1173 473 1234 numerosque
486 1153 656 1230 modosque
669 1149 803 1211 ediscere
814 1144 911 1205 vrtae³.
933 1186 936 1189 ι
1023 1197 1027 1204 ,

98 1240 253 1315 Quocirca
263 1261 388 1304 mecum
400 1244 511 1321 loquor
521 1241 588 1303 baec
598 1241 768 1318 tacitusque
778 1232 939 1296 recordor:
983 1252 1026 1297 1⁴5,

96 1326 130 1389 Si
144 1329 199 1389 tibi
215 1332 301 1392 nulla
313 1331 412 1392 sitim*
426 1329 528 1392 liniret
544 1329 631 1409 copia
644 1327 793 1409 lymphae,
866 1411 873 1422 υ
938 1332 942 1339 ’

97 1413 243 1479 Narrares
256 1420 399 1494 medicis;
417 1418 517 1499 qubd,
533 1418 649 1497 quanto
664 1417 752 1496 plura
765 1414 890 1492 purast,

95 1505 194 1569 Tanto
207 1509 295 1589 plura
309 1510 412 1590 cupis,
428 1509 547 1570 nulline
560 1507 697 1569 faterier⁵
711 1502 823 1566 audes?
861 1556 864 1563 ,

96 1592 129 1654 Si
143 1596 255 1659 vulnus
269 1598 324 1659 tibi
338 1600 505 1659 monstrata
519 1598 623 1658 radice
635 1595 683 1657 vel
696 1595 792 1655 herba

95 1678 168 1742 Nou
180 1682 268 1746 lieret
282 1685 394 1759 levius,
410 1683 531 1763 lugeres
543 1684 645 1745 radice
658 1682 706 1742 vel
720 1680 815 1742 herba
982 1695 1020 1732 no

95 1767 280 1833 Proficiente
293 1771 370 1833 nihil
383 1772 544 1835 curarier⁶.
557 1770 737 1841 'Audieras⁷‚
753 1768 803 1829 cui

95 1855 175 1917 Rem
189 1858 226 1920 Di
240 1859 404 1937 donarent,
419 1861 460 1921 illi
477 1859 625 1921 decedere
638 1877 761 1939 pravam

19 2010 22 2017 ,
96 1946 280 2024 Stultitiam3
296 1958 344 2027 et,
361 1968 458 2030 quum
473 1950 513 2011 sis
527 1949 623 2010 nihilo
636 1949 802 2027 sapientior
815 1964 851 2006 ex
867 1961 928 2022 quo

96 2035 220 2097 Plenior
235 2057 282 2112 es,
297 2046 401 2101 tamen
414 2039 510 2117 uteris
522 2037 729 2099 monitoribus
742 2035 840 2097 isdem
848 2029 878 2091 ⁸⁴?

97 2123 148 2199 At,
164 2125 190 2184 si
204 2125 313 2186 divitiae
326 2128 511 2206 prudentem
525 2126 654 2188 reddere
669 2135 809 2205 possent,
983 2141 1019 2178 ¹⁵⁵

96 2208 129 2271 Si
141 2211 293 2291 cupidum
303 2214 510 2294 timidumque
521 2215 625 2276 minius
636 2221 681 2288 te,
696 2230 810 2294 nempe
821 2210 958 2284 rubores,

95 2297 221 2362 Viveret
234 2301 266 2362 in
281 2303 370 2363 terris
383 2309 413 2363 te
426 2303 451 2363 si
466 2303 536 2383 quis
549 2302 682 2365 avarior⁹
695 2318 769 2365 uno.

96 2386 129 2448 Si
143 2388 306 2468 proprium
319 2387 460 2467 estquod
473 2388 542 2468 quis
554 2388 631 2450 libra
644 2398 799 2453 mercatur
811 2397 843 2452 et
851 2407 916 2451 uere
921 2390 952 2464 ¹⁰,

125 2526 146 2559 1.
156 2518 309 2570 conecterem
316 2518 543 2574 optetqlesseoours,
600 2528 621 2566 8.
635 2521 737 2576 Plenior,
757 2524 871 2567 lusriche.
887 2518 1021 2571 :Monto-

95 2569 131 2612 les
141 2570 203 2613 seins
213 2571 240 2614 de
249 2583 285 2614 ses
293 2579 391 2627 parents.
572 2574 637 2616 ribus
650 2573 729 2623 isdem.
743 2535 777 2619 fies
789 2577 874 2619 memes
886 2578 1021 2624 conseillers

123 2629 145 2664 2.
158 2622 317 2677 Tempestiouct
326 2625 418 2677 iudum,
428 2625 469 2669 des
483 2637 546 2668 umu-
575 2628 622 2679 (qui
637 2627 691 2669 t’ont
706 2628 754 2681 dejb
770 2629 854 2680 trompe
866 2641 895 2672 en
911 2637 933 2672 te
947 2630 1021 2677 disant

96 2681 197 2717 semente
213 2678 250 2729 qui
266 2679 314 2720 leur
327 2679 490 2731 convienueut,
506 2679 545 2733 qui
573 2690 616 2731 que
629 2680 650 2722 lu
665 2681 765 2724 richesse
776 2681 952 2725 tedebarrussuii
962 2684 990 2728 de
999 2687 1021 2729 lu

97 2728 186 2770 sontde
194 2729 242 2770 leur
250 2733 299 2785 ige.
573 2732 676 2784 sottise).
819 2752 820 2755 ¹

125 2786 146 2823 3.
159 2780 270 2824 Numeros
283 2782 416 2839 modosque,
431 2785 545 2840 lesnom-
599 2792 619 2829 9.
635 2785 732 2840 Nempe,
755 2787 941 2849 nuturellemeut,
968 2803 1021 2836 erec

95 2834 150 2874 lires
163 2838 187 2874 et
200 2836 233 2876 les
247 2837 336 2887 modes,
346 2838 367 2879 le
376 2837 477 2891 rhytbme
492 2842 514 2881 et
524 2839 545 2880 la
571 2839 664 2881 raison:
684 2847 706 2882 tu
721 2842 838 2894 tunginus,
852 2851 875 2892 Je
889 2842 940 2885 n’eu
953 2844 1021 2888 doute

96 2885 201 2939 melodie,
211 2887 345 2931 o’est-a-dire
355 2890 388 2931 les
397 2890 471 2944 regies
480 2898 502 2933 et
511 2892 545 2934 les
571 2902 619 2943 pas.
627 2913 653 2923 -
661 2894 766 2944 Avarior,
774 2893 825 2946 plus
832 2893 905 2937 uvido.

96 2937 219 2990 pre'oeptes.
229 2940 354 2994 Memphore
362 2952 395 2983 em
413 2943 512 2986 murtea
523 2946 545 2986 lu
601 2953 632 2987 tu.
646 2944 744 2987 Librcet
754 2957 802 2988 are.
814 2949 845 2988 0u
857 2956 885 2988 ne
893 2958 1020 3005 cummeneo

96 2991 208 3043 musique.
219 3015 243 3023 -
253 2993 311 3035 Vera
324 2994 387 3046 otte,
398 2955 424 3037 du
439 2995 545 3040 verituble
572 2995 681 3051 llrupper
690 2998 717 3040 de
727 3000 748 3040 iu
757 3000 859 3041 muuuaie
867 2998 968 3055 d‘argebt
977 3015 1020 3057 que

98 3042 142 3095 rie,
152 3043 218 3088 lavie
230 3047 291 3089 selon
302 3045 324 3087 la
334 3054 434 3107 ssqesso.
572 3047 616 3091 l’un
633 3051 660 3093 de
675 3055 743 3093 Rome
757 3056 803 3095 ⁴85.
819 3056 873 3093 sous
889 3053 922 3095 les
939 3056 985 3098 rois
997 3068 1021 3101 et

125 3101 146 3138 l.
161 3095 188 3138 st
198 3098 242 3139 tibi
249 3098 317 3140 nulio
328 3099 400 3145 ritem.
408 3106 450 3143 etc,
461 3099 546 3144 c'estle
573 3101 627 3144 dune
637 3104 670 3146 les
683 3104 791 3158 premiere
804 3112 875 3158 temps
884 3105 912 3147 de
921 3107 942 3148 le
950 3107 1021 3163 repu-

97 3147 266 3193 raisonuemeut
273 3151 301 3194 de
310 3151 433 3204 Diogenele
441 3153 544 3206 Cyrique,
573 3155 646 3208 blique
656 3168 685 3199 un
695 3167 756 3198 nese
772 3158 855 3200 servuit
866 3169 909 3211 que
917 3159 946 3202 de
954 3172 1019 3205 mou-

98 3201 137 3273 qui
155 3205 276 3256 comperuit
293 3205 392 3255 toujours
409 3204 510 3249 l'uuuriee
533 3208 546 3248 e
573 3208 623 3250 nale
633 3209 661 3252 de
671 3209 758 3259 cuivre,
769 3217 792 3251 et
804 3216 860 3253 cette
875 3214 979 3257 monuuie
994 3228 1019 3259 se

97 3251 250 3306 ibydropisie.
429 3295 432 3301 ,
573 3261 659 3313 posuit,
677 3272 715 3304 cur
730 3261 808 3303 l'unitt
824 3263 947 3308 mone'teire
965 3266 1020 3311 &tait

126 3312 146 3348 ⁵.
155 3305 261 3353 Foteeter.
269 3308 396 3352 llrclraisme
402 3310 454 3352 bien
463 3321 545 3365 cunno,
573 3324 616 3355 une
627 3315 682 3357 livre
690 3314 846 3358 decuivro.1.a
855 3316 949 3360 termule
959 3319 1019 3362 libret

97 3368 155 3413 pour
171 3358 246 3405 lateri.
573 3370 594 3407 et
603 3377 647 3408 aere
659 3366 713 3408 etait
726 3366 799 3409 reside
815 3369 871 3411 dans
884 3370 918 3413 les
932 3371 987 3420 lois,
996 3383 1019 3416 et

126 3416 146 3453 6.
164 3410 261 3465 Fuperes
273 3414 385 3466 murier,
398 3419 422 3456 tu
442 3415 546 3459 en'terais
573 3429 601 3460 ou
618 3417 691 3460 fuissit
707 3421 806 3473 toujours
820 3421 843 3479 lq
858 3423 976 3466 simulacre
989 3426 1018 3468 de

98 3463 127 3506 de
140 3470 162 3507 te
179 3465 276 3519 seigner,
292 3478 314 3509 tu
328 3478 356 3509 ne
375 3468 479 3511 voudrais
494 3469 545 3523 plus
572 3472 594 3513 la
607 3477 672 3513 vente
686 3474 1018 3529 antique,c’est-t-direqueie
1086 3510 1088 3515 ⁴
1170 3516 1171 3519 ,

99 3528 191 3570 esseyer
203 3517 231 3559 de
241 3525 263 3560 te
275 3520 351 3574 gue'rir
363 3531 448 3564 avec...
572 3523 669 3565 vendeur
685 3526 753 3567 tenuit
767 3537 811 3568 une
825 3527 915 3569 balance
929 3540 969 3570 sur
983 3532 1018 3572 lu·
1092 3567 1095 3573 .

125 3576 146 3613 t.
159 3568 278 3633 liudierus,
286 3573 375 3615 ruavais
383 3568 544 3635 entendu'dire,
571 3576 645 3672 quelle
656 3576 774 3639 l’uohetcur
786 3578 885 3633 deposcit
897 3591 940 3622 une
955 3582 1027 3636 piece

99 3626 193 3666 tuerere
201 3634 275 3676 epuns
283 3625 313 3668 du
322 3627 426 3680 vulgaire.
588 3640 717 3675 emonutue.
