2356 4022
378 348 540 395 surrecturi
560 349 644 395 uteru
666 351 697 397 rr.
716 344 742 396 1.
970 343 1027 400 957

103 463 213 525 Missus
227 463 264 524 ed
280 463 354 536 hoe,
371 463 483 543 pulsis,
500 471 586 524 vetus
600 474 647 527 est
659 474 695 526 ut
708 464 803 544 iente,
822 468 948 531 Sabellis
954 473 974 545 ²,

103 551 173 628 Quo
188 572 228 614 ne
242 571 298 633 per
311 570 442 614 vacuum
455 551 611 614 Romano’
625 553 797 615 incurreret
809 556 921 632 hostis,

104 640 172 704 Sive
186 642 269 721 quod
284 641 382 722 Apule
394 659 471 720 gens
484 658 538 704 seu
554 641 638 720 quod
653 640 785 704 Lucania
799 644 916 709 bellum

103 730 258 792 lucuteret
271 730 414 793 violente.
430 730 490 791 Sed
503 730 553 791 hic
566 732 663 811 stylus
677 730 758 793 haud
773 739 856 812 petet
870 733 969 795 ultre⁸

103 816 300 899 Quemquam
309 819 548 893 animantem,et
557 837 607 879 me
617 819 711 880 veluti
722 819 872 883 custodiet
881 821 963 883 ensis
1002 843 1028 880 u
1106 848 1109 854 ·

102 901 217 983 lagine
231 913 328 968 tectus
343 929 350 968 ε
366 925 461 987 quern
474 925 530 971 cur
546 907 736 987 destringere
750 927 855 986 coner,

103 991 201 1054 Tutus
215 995 253 1055 eb
267 995 382 1057 infestis
396 994 586 1057 latronibus?
600 996 624 1058 Ο
640 1007 726 1080 pater
740 1007 770 1061 et
784 1018 839 1061 rer

102 1078 233 1160 Jupiter,
245 1090 280 1142 ut
293 1092 398 1162 pereat
411 1084 545 1163 positum
561 1086 723 1165 rubigine*
739 1087 852 1163 telum,

103 1170 168 1233 Nec
181 1173 343 1253 quisquam
359 1184 466 1236 noceat
480 1174 592 1253 cupido
608 1178 681 1238 inihi
697 1178 796 1260 pacisl
813 1179 853 1240 At
866 1180 917 1240 ille

38 1318 42 1321 .
104 1257 164 1334 Qui
179 1280 230 1323 me
245 1263 406 1323 commorit
420 1262 541 1339 (melius
554 1282 616 1326 non
630 1267 768 1347 tangere!
786 1267 918 1338 clernell
1002 1291 1026 1327 u

103 1346 229 1420 Flebitl,
246 1362 277 1411 et
291 1352 417 1431 insignis
431 1357 493 1413 tete
506 1355 679 1416 cantabitur
693 1356 780 1417 urbe.

144 1434 269 1498 Cervius
282 1438 376 1499 iratus
390 1441 471 1518 leges
486 1443 645 1504 minitetur
659 1452 690 1504 et
705 1445 847 1517 urnam⁷;

103 1522 229 1584 Canidia
243 1526 360 1602 Albuti,
377 1529 490 1606 quibus
504 1542 550 1593 est
564 1532 702 1605 inimice,
719 1533 905 1605 venennm⁸;
953 1596 955 1601 ,

58 1609 225 1865 *e
239 1615 355 1675 malurn
370 1614 495 1691 Turius,
512 1619 536 1678 si
551 1618 627 1698 quid
641 1637 673 1678 se
685 1620 788 1695 judice
802 1621 926 1680 cer-test.

219 1700 382 1779 equisque
396 1702 491 1777 velet,
509 1712 668 1785 suspectos
681 1714 810 1778 terreat,
827 1708 932 1785 utque'
1003 1714 1028 1765 eo

56 1805 62 1835 r
190 1797 237 1847 ret
249 1787 308 1848 hoc
321 1798 430 1850 natura
443 1799 569 1870 potens,
585 1795 629 1852 sic
643 1793 751 1871 collige
760 1794 780 1829 ¹⁰
794 1810 937 1855 mecum:

101 1872 200 1934 Dente
213 1875 320 1955 lupus,
338 1896 434 1938 cornu
450 1887 556 1942 taurus
572 1882 667 1959 petit:
681 1882 781 1952 eride,
798 1880 855 1941 nisi
869 1881 961 1955 intus,

102 1959 305 2023 Moustretunr
315 1962 357 2023 ¹¹?
371 1963 482 2027 Seeevee
496 1969 630 2029 vivacem
645 1969 737 2029 crede
752 1969 856 2047 nepoti
866 1969 886 2003 ¹¹

100 2046 230 2110 Matrem
243 2067 249 2109 :
261 2050 306 2110 nil
315 2050 403 2113 faciet
415 2054 539 2116 sceleris
547 2055 599 2136 pie
608 2055 734 2116 dextera
745 2074 752 2116 :
765 2054 916 2127 mirumst,

101 2216 550 2275 etdelsLucenielinemeuoetremqeel‚
581 2186 932 2317 Urnarit,l’urne(deesqueelle
945 2221 978 2264 les
990 2223 1027 2275 ju-

101 2270 144 2310 alin
155 2268 183 2310 de
191 2270 249 2311 tenir
257 2280 284 2312 ee
295 2279 384 2324 respect
392 2273 426 2315 les
438 2274 550 2316 nubilento
578 2273 846 2326 gesdeposaientleurss
879 2275 961 2327 reges).

101 2321 129 2363 de
138 2334 176 2364 ees
186 2322 245 2364 deux
255 2321 365 2368 centre'es.
605 2332 625 2369 8.
641 2327 722 2370 tteeu
730 2338 841 2370 venenum
856 2330 976 2379 (sous-ent.
986 2327 1028 2372 mi·

129 2385 148 2418 t.
164 2375 240 2417 Pulsis
249 2373 356 2425 Sabellis,
365 2372 550 2430 eprtsledeulte
578 2385 669 2425 netur).
689 2383 727 2423 cet
749 2381 847 2423 Albutius
871 2381 953 2433 passeis
972 2391 1028 2434 pour

100 2428 141 2469 des
151 2429 244 2476 sebius,
254 2440 282 2469 ou
298 2429 368 2482 plutei
381 2429 421 2472 des
430 2431 549 2483 Samnites,
579 2432 639 2473 eroir
648 2433 792 2495 empoisenee'
802 2446 826 2476 su
836 2434 922 2479 fernme.

100 2481 156 2524 dont
169 2481 203 2522 les
220 2479 325 2533 Apelleae
341 2488 363 2524 et
377 2482 411 2525 les
427 2484 549 2526 Lucanicus
606 2489 627 2526 θ.
642 2487 736 2540 Turres,
750 2488 802 2540 juge
815 2484 887 2529 venel.
898 2507 924 2518 -
934 2484 961 2528 sa·
971 2483 1028 2540 quid

100 2533 184 2575 etaient
193 2535 226 2575 les
235 2533 307 2577 altres
579 2539 660 2586 certes,
671 2540 690 2578 si
706 2545 729 2580 tu
742 2551 766 2580 es
776 2539 872 2593 quelque
888 2539 955 2581 chose
964 2539 977 2579 ὲ
985 2538 1027 2580 de-

127 2593 147 2627 2.
163 2586 286 2627 eeunisser
298 2586 329 2628 ed
342 2585 385 2629 ltoe
398 2588 449 2637 eud,
464 2588 519 2629 deris
528 2589 550 2631 le
579 2588 656 2634 meler.
668 2591 687 2631 st
695 2596 718 2631 tu
729 2603 753 2631 es
763 2592 857 2644 quelque
868 2590 954 2642 proedo.

101 2639 202 2691 luitque,
217 2649 274 2690 pour
286 2650 338 2691 que.
347 2660 375 2671 -
385 2640 427 2682 Per
441 2652 549 2694 eoseum,
608 2650 639 2685 ro.
647 2641 955 2698 Siceelliec,conclusuinsi‚
963 2643 1028 2685 c’est·

101 2691 212 2732 erravere
229 2703 259 2732 un
274 2691 362 2734 endroit
378 2693 440 2744 vide,
450 2694 549 2746 digami,
578 2693 653 2737 d-dire
670 2697 788 2740 receneris
808 2709 849 2753 per
866 2697 899 2739 len
915 2696 1027 2749 exemplet

100 2743 240 2786 ceste-dire
250 2754 278 2785 en
287 2744 434 2787 emicuissent
439 2758 483 2789 nne
491 2747 550 2788 fron·
578 2746 685 2789 seirenes.

101 2796 321 2840 tiereseusdelense.
332 2819 357 2829 -
367 2797 476 2842 Remotio.
484 2802 550 2843 sous·
607 2807 638 2843 tt.
656 2799 726 2851 Urrde,
738 2801 786 2843 niti
794 2802 1025 2849 irremuneratum,

101 2855 148 2891 ent.
160 2860 227 2897 ecre.
539 2861 542 2867 ·
578 2850 628 2893 d'ou
636 2853 683 2895 cele
689 2853 739 2896 leur
748 2853 806 2896 e·t-il
818 2852 852 2895 dte
862 2849 960 2904 indique,
971 2854 990 2895 si
1001 2863 1027 2893 ee

127 2907 148 2945 3.
164 2901 224 2944 Petet
239 2901 315 2951 ultre,
330 2909 444 2957 antequem
460 2913 550 2960 sponte·
579 2903 1027 2952 n'estdededens.e'est-l-direetn‘est-

101 2954 202 3003 rement,
213 2965 266 2996 sens
277 2958 424 3007 provocation.
579 2967 604 2997 ce
622 2969 659 3009 pes
669 2959 774 3003 r²instleet
787 2959 871 3002 neturel
880 2958 918 3011 qui
926 2958 947 2999 le
956 2957 1027 3000 leurs

126 3013 147 3050 t.
160 3006 550 3064 Utpereatreetptee,(jesouneite)
577 3010 697 3063 enseigne?

99 3072 142 3114 que
160 3059 246 3112 perisse
268 3072 306 3107 pur
325 3062 346 3103 lu
361 3062 451 3113 rouitte,
467 3063 548 3106 e.-e-d.
607 3070 636 3106 tt.
654 3063 742 3106 scete.
752 3061 768 3104 ll
780 3063 837 3103 eveit
847 3063 1027 3115 empuisoneese

8 3171 11 3176 Ι
99 3112 433 3207 ρυίεεὲἰατοιῇηῗτοῃςεν....ῑ
481 3166 493 3209 ὁ
513 3176 516 3183 s
577 3116 690 3211 inimii-
706 3114 805 3171 Nepoti,
821 3114 965 3167 dissipeteur,
985 3115 1027 3159 do'-

99 3173 173 3271 teviee.
181 3176 485 3272 q-rprqpeqqdaeqrttcptrpquqql
499 3174 551 3263 'viic
606 3180 638 3265 pp
648 3181 747 3280 ἷὶίτιιπι,Ι
754 3227 789 3260 etc
800 3250 806 3262 .
816 3218 863 3261 cele
872 3218 1026 3282 estetonnarrt,

100 3273 175 3313 mieux
191 3281 221 3312 ne
237 3282 275 3323 pes
290 3283 327 3315 me
342 3272 441 3321 teuchos,
459 3272 549 3324 erle-je,
577 3284 662 3316 comme
670 3274 684 3316 il
694 3283 728 3315 est
737 3273 878 3315 etennentde
887 3274 964 3316 rorrle
974 3274 1026 3327 lcup

99 3324 244 3366 cest-edire
259 3335 313 3377 gere
327 3325 340 3366 l
352 3326 389 3378 qui
404 3336 440 3368 me
455 3326 548 3369 touche!
579 3337 607 3367 ue
630 3338 655 3368 es
669 3335 768 3379 artequer
784 3335 837 3365 eveo
851 3324 871 3366 le
881 3324 942 3377 pied.
959 3325 1025 3380 e’eet·

97 3378 141 3430 J'en
152 3375 265 3431 prc'viees.
578 3379 603 3420 d·
621 3381 653 3421 ire
668 3378 714 3421 cele
730 3378 787 3418 n’est
801 3388 840 3429 pes
855 3378 905 3447 plus
919 3378 1026 3420 etounuut

126 3437 145 3473 o
162 3428 249 3480 Flebit,
260 3430 368 3482 pleni-ere,
378 3430 516 3473 c’est-e-dlre
525 3441 550 3475 se
578 3432 662 3484 queue
677 3431 726 3472 votr
739 3431 760 3472 le
775 3430 824 3475 loeo
839 3436 960 3483 natuque·
978 3443 1026 3479 per·

99 3483 221 3535 reponere.
238 3484 281 3523 Les
302 3485 368 3525 Grees
385 3484 505 3537 emploient
522 3484 550 3526 de
578 3495 649 3527 senne
659 3494 711 3524 avec
721 3483 741 3524 le
751 3482 799 3536 pied
809 3483 831 3524 ui
842 3484 863 3524 le
872 3483 993 3525 boeul'evec
1002 3484 1023 3525 lu

101 3537 174 3578 meme
183 3543 249 3576 esser
257 3532 462 3587 frequemmentlee
471 3537 550 3579 ver-bes
578 3536 639 3579 dent.
650 3536 666 3578 ll
677 3535 733 3577 n'eet
747 3546 787 3589 pue
802 3534 857 3577 dnus
873 3535 894 3576 le
907 3540 984 3576 uetere
993 3533 1024 3576 du

100 3585 304 3649 statuvevdpetm.
578 3586 1024 3650 lecheseeraderemmettreseserimes

127 3650 148 3686 π.
170 3643 281 3692 cavens,
295 3638 392 3686 utleteur
411 3642 506 3688 lemeux.
522 3664 549 3679 ·-
572 3644 600 3688 'le
610 3641 773 3691 feriremur.
