2352 4008
246 369 250 377 ,
344 312 382 357 na
401 310 474 355 sam
494 297 613 354 roarrcl
633 302 728 349 arura.
938 289 993 345 tol

78 433 180 494 Prima
193 430 321 492 cadunt¹
337 429 401 492 :ita
413 425 577 488 verborum
590 428 677 483 vetus
690 419 794 509 interit
807 423 878 478 aetas
883 418 903 490 ¹,

60 532 64 537 ’
78 521 117 582 Et
126 524 275 599 juvenum
288 518 350 579 ritu
363 518 474 577 florent
489 512 582 574 modd
596 518 667 571 nata
679 507 854 586 vigentque.

78 609 235 671 Debemur
247 605 338 668 morti
351 621 407 665 nos
420 611 603 680 nostraque:
618 599 680 658 sive
693 601 836 656 receptus

77 697 171 758 Terra
185 693 363 777 Neptunus¹
375 694 485 754 classes
499 688 703 770 Aquilonibus
716 703 814 759 arcet,

75 781 186 861 'liegis‘
199 799 292 862 opus,
307 778 452 843 sterilisve
466 776 520 838 diu
534 775 640 856 palus¹
653 781 786 853 aptaque
798 770 890 832 remis
976 796 1000 830 o.

77 866 200 929 Vicinas
212 868 305 929 urbes
319 866 388 938 alit,
405 872 435 926 et
448 882 537 942 grave
551 861 643 924 sentit
657 869 808 935 aratrum,

77 956 142 1018 Seu
154 975 278 1021 cursum
290 954 419 1017 mutavit
431 953 574 1033 iniquum
588 952 727 1033 frugibus
740 951 855 1024 amnis,

77 1044 193 1107 Doctus
207 1046 266 1105 iter-
277 1043 387 1106 melius
394 1044 414 1117 ¹,
431 1041 570 1102 mortalia
582 1040 660 1101 facta
672 1039 836 1122 peribunt,

77 1129 202 1193 Nedum
215 1133 410 1192 sermonum¹
424 1136 484 1190 stet
495 1130 594 1190 honos
607 1136 638 1189 et
651 1128 746 1207 gratia
758 1126 854 1187 vivax.

77 1217 175 1282 Multa
189 1225 386 1281 renascentur
400 1219 542 1298 quaeJam
555 1216 711 1290 cecidere,
727 1215 898 1293 cadentque
979 1238 1003 1272 το

79 1307 153 1378 Quae
167 1325 252 1369 nunc
264 1315 338 1368 sunt
348 1307 381 1368 in
391 1307 508 1368 honore
519 1305 682 1380 vocabula,
696 1304 722 1366 si
731 1304 811 1366 volet
824 1322 914 1377 usus,

78 1394 181 1471 Quem
192 1399 286 1477 penes
295 1398 455 1459 arbitrium
469 1405 515 1457 est
528 1404 559 1458 et
569 1398 621 1475 jus
635 1406 666 1457 et
678 1413 787 1457 norma
797 1394 973 1474 loquendi⁸.

119 1484 178 1545 Res
193 1493 283 1563 gestae
296 1504 467 1566 regumque
483 1487 661 1566 ducumque
674 1491 704 1548 et
717 1484 814 1546 tristia
830 1483 907 1544 bella

78 1574 151 1649 Quo
165 1565 255 1635 scribi
269 1585 394 1654 possent
406 1591 536 1636 numero
544 1576 566 1648 ¹,
582 1574 762 1635 monstravit
773 1572 935 1634 Homerus.

78 1661 226 1722 Versibus
238 1663 394 1744 impariter
404 1662 518 1742 Junctis
530 1662 724 1742 querimonia
738 1661 888 1740 primum,
979 1686 1003 1722 aa

33 1764 38 1772 ·
78 1751 152 1813 Post
166 1752 257 1813 etiam
270 1753 387 1814 inclusa
399 1760 446 1828 est
459 1751 520 1812 voti
534 1749 683 1811 sententia
696 1767 822 1828 compos
831 1750 860 1807 ¹⁰.

80 1838 160 1915 Quis
173 1846 275 1899 tamen
290 1840 415 1920 exiguos
430 1840 531 1918 elegos
540 1840 560 1873 ¹¹
573 1837 709 1899 emiserit
722 1843 839 1910 auctor,

81 1924 429 1999 Grammaticicertant,
444 1932 475 1987 et
489 1925 590 1987 adhuc
602 1924 659 1987 sub
671 1925 776 2003 iudice
790 1923 826 1985 lis
840 1931 887 1988 est
894 1926 924 1985 ¹¹.

79 2014 297 2077 Archilochum
311 2016 436 2096 proprio
450 2015 549 2076 rabies
563 2015 689 2076 armavit
702 2014 846 2077 iamho¹⁸z

80 2101 173 2165 Hunc
185 2103 266 2164 socci
277 2121 385 2184 cepere
395 2104 507 2185 pedem
518 2102 709 2183 grandesque
721 2102 862 2164 cothurni
870 2104 900 2178 ¹¹,
981 2125 1006 2164 aa

81 2248 222 2292 desta-dire
271 2259 283 2290 r
300 2248 323 2291 la
340 2248 406 2291 chuta
422 2248 451 2290 da
472 2248 534 2291 leurs
586 2256 608 2293 s.
618 2247 1005 2304 loquetaturangagalaungue.

82 2302 187 2365 feuilles,
201 2313 230 2344 au
254 2300 313 2344 aeliu
327 2299 355 2343 de
364 2299 458 2345 l’annee.
587 2310 608 2346 9.
620 2302 736 2353 Numero,
746 2302 854 2355 nombre,
868 2304 1007 2349 c’est-a-dirc

112 2354 226 2399 albeme
241 2353 329 2397 cadant
355 2354 389 2396 les
404 2352 535 2414 premieres,
561 2354 752 2408 systemametre,
767 2367 825 2398 vers.

82 2408 154 2451 celles
165 2408 202 2461 qui
211 2385 341 2462 ontpoussd
358 2405 391 2448 les
404 2405 533 2460 premieres,
589 2407 1007 2469 rolandusimpariterjnnctia,des

83 2461 187 2504 tombeut
194 2461 270 2513 (arant
279 2461 313 2503 les
322 2461 417 2512 autres).
560 2470 612 2502 vers
620 2468 691 2512 Jomts
703 2459 863 2514 iuegalement,
872 2463 1008 2508 desta-dire

111 2520 132 2557 2.
143 2511 221 2563 Altos,
230 2512 368 2568 generatiou.
560 2512 600 2555 des
615 2513 733 2566 distiqucs.
748 2516 778 2555 Le
792 2514 890 2567 dictique
904 2525 928 2556 sa
948 2527 1008 2559 oom-

113 2573 133 2612 ³.
142 2563 251 2620 Receptus
264 2567 326 2609 torro
339 2563 467 2619 Neptunus.
476 2564 536 2608 nllu-
560 2576 614 2619 pose
627 2565 679 2608 d’un
688 2565 815 2608 hexametro
829 2572 851 2608 et
863 2567 915 2608 d’nn
928 2576 1007 2620 penta-

84 2619 135 2660 siou
146 2628 174 2660 au
183 2624 233 2672 port
241 2619 269 2661 de
276 2619 350 2671 lules,
360 2620 398 2672 qui
408 2620 536 2661 seta-ouran
561 2618 639 2661 metra.
654 2640 680 2648 -
694 2618 856 2671 nutrimenta,
873 2620 894 2660 la
908 2620 991 2674 plainte

84 2670 536 2776 rasataaaaaranra
561 2654 1008 2767 tarasiaaaarramta¹

84 2779 184 2871 aaa
193 2736 536 2872 airiaaaniarnta
559 2734 898 2873 taciturnitatis
905 2772 1008 2832 ”aa

84 2882 115 2925 da
123 2881 146 2923 la
158 2893 206 2924 mer
216 2840 389 2935 &atheniense
399 2891 422 2925 et
430 2894 459 2924 ou
468 2894 537 2935 coupa
590 2890 622 2925 ιι.
638 2841 741 2937 Exibuoi
750 2882 829 2934 elegos,
844 2862 949 2924 l’humble
958 2895 1009 2926 vers

84 2935 195 2989 lulangue
202 2933 230 2976 de
237 2941 296 2977 terra
301 2936 339 2989 qui
344 2935 365 2977 le
371 2933 468 2989 separata
474 2936 536 2977 aussi
562 2932 682 2989 elegitque.
692 2956 720 2966 -·
729 2933 829 2986 asianos
839 2934 953 2987 n'indique
967 2948 1008 2989 pas

86 2988 119 3030 du
128 2988 162 3030 lac
170 2990 265 3050 Auerna.
325 3040 330 3049 ,
351 2988 353 3001 “
463 3040 468 3050 ι
563 2988 774 3049 seulementquele
788 2986 1009 3041 versettgiaquoest

115 3046 136 3084 l.
146 3038 284 3102 licomd'ou
298 3051 344 3093 ror,
360 3039 496 3084 c’est-ddrre
504 3041 538 3083 di·
563 3038 615 3082 d’un
625 3041 675 3093 pred
681 3042 732 3104 plus
738 3046 801 3081 court
808 3050 851 3092 que
859 3041 1008 3093 l’hexametre,

87 3103 134 3148 gne
142 3092 194 3134 d’un
203 3103 245 3144 ror,
255 3093 323 3145 rosal.
563 3092 619 3135 mais
628 3103 689 3135 aussi
699 3103 741 3146 que
748 3094 782 3134 les
791 3092 861 3145 sujeta
871 3092 948 3134 traites
956 3104 1009 3137 avec

116 3143 537 3206 ⁵.1{alns.hesmaratsronttns.dans
562 3144 752 3200 l’eltgiaquesont
775 3144 810 3187 lua
819 3144 938 3189 modestes.

88 3200 111 3241 la
119 3200 218 3259 Lanam,
231 3198 307 3241 iurent
320 3197 487 3260 dessechespar
496 3203 537 3240 nu·
591 3205 622 3242 ta.
643 3198 722 3241 Adhuc
731 3156 774 3238 sub

87 3259 163 3304 gusta,
206 3251 303 3295 trachea
315 3263 376 3293 *ainsi
384 3262 415 3294 un
430 3250 537 3306 proletde
563 3252 662 3306 querella
675 3259 711 3294 est
718 3261 800 3312 encore
811 3262 864 3312 sous
873 3251 895 3293 le
901 3251 966 3306 luge,
975 3261 1010 3294 est

89 3304 239 3416 'artata
255 3354 300 3400 a„
317 3356 408 3418 „aa
425 3359 457 3399 a
563 3314 879 3419 santanaco
896 3304 917 3347 ¹⁰
931 3305 1009 3358 rr

90 3409 186 3451 branses
200 3406 278 3461 dignes
290 3415 396 3453 renerent
408 3409 478 3452 d’stre
493 3407 539 3451 dta-
592 3416 624 3454 18.
633 3407 1009 3459 Archelaum...combardum

91 3462 148 3505 biles
157 3463 302 3522 peranguste
314 3473 372 3517 pour
380 3462 497 3516 emptchcr
504 3462 538 3505 lea
564 3467 616 3505 note
625 3467 637 3504 t
646 3461 675 3504 de
685 3462 708 3504 la
716 3472 771 3517 page
781 3467 826 3505 aas.
835 3483 863 3492 -
871 3461 958 3503 lueto.
968 3466 1010 3502 Au-

89 3511 353 3559 inondatronsdu'llbre.
564 3515 622 3558 chilo
638 3527 666 3557 ue
699 3512 1010 3569 ssepournvoire'tel’inven-

118 3574 139 3610 a.
163 3564 314 3619 Semmnm,
335 3568 369 3611 les
385 3572 444 3612 mets
460 3573 483 3610 et
505 3569 539 3613 les
564 3527 651 3612 warde
683 3568 762 3610 iantbe.

91 3624 161 3661 tours.
201 3626 207 3648 ⁸
594 3618 1008 3672 1l.Soect.eotlmmt,lesbrodeqmns

787 3195 907 3250 judicalis
926 3203 971 3253 est,
987 3200 1010 3242 la
1072 3170 1077 3179 ι
1105 3216 1111 3226 ·
