2324 4020
451 273 479 324 Q.
503 271 620 317 nontin
641 273 739 319 FLACCI

294 387 366 463 Hie,
382 388 465 449 unde
479 389 570 448 vitam
584 397 720 449 sumeret
733 390 870 464 inscius¹,

292 477 403 538 Pacem
415 477 518 538 duello
532 477 682 538 miseuit².
700 476 725 537 Ο
740 479 864 557 pudori,

334 563 359 627 Ο
371 584 482 645 magna
496 564 662 645 Carthago,
678 558 834 647 probrosis

371 656 468 717 Altior
480 654 575 717 Itaiiae
589 655 718 716 ruinis³i
735 682 748 708 n

293 777 403 841 Fertur
415 780 536 861 pudicae
551 780 690 858 conjugis
704 778 844 841 osculum

292 865 465 946 Parvosque
480 875 580 941 natos,
596 875 631 928 ut
643 868 749 947 eapitis
760 868 860 929 minor
869 870 888 940 ὅ,

333 953 380 1014 Ab
396 971 428 1014 se
442 953 622 1027 removisse,
639 962 671 1014 et
683 955 802 1015 virilem

373 1040 489 1103 Torvus
501 1042 588 1102 humi
602 1042 740 1122 posuisse
754 1043 900 1115 vultum⁵,

293 1162 398 1224 Donec
410 1163 547 1224 labantes
563 1164 690 1224 oonsilio
703 1163 805 1224 Patres

293 1247 443 1309 Firmaret
456 1250 563 1309 auctor
575 1267 733 1328 nunquam
750 1249 822 1308 alias
835 1247 925 1325 date,

336 1325 479 1408 Interque
494 1337 658 1389 moerentes
672 1329 787 1388 amieos

373 1414 521 1494 Egregius
535 1424 717 1495 properaret
726 1414 823 1476 exsul.

294 1538 386 1617 Atqui
400 1538 530 1599 sciebat⁶
545 1556 615 1617 quae
628 1537 685 1599 sibi
699 1536 847 1598 barbarus

295 1623 404 1685 Tortor
418 1633 554 1705 pararet3
572 1644 635 1686 non
649 1626 736 1687 aliter
750 1631 853 1683 tamen

335 1713 468 1775 Dimovit
480 1715 635 1776 obstantes
649 1713 857 1792 propinquos,

374 1799 412 1860 Et
424 1800 577 1881 populum
589 1800 705 1861 reditus
718 1808 891 1861 morantem
901 1802 925 1874 ⁷,

297 1924 397 2000 Quam
411 1927 436 1987 si
451 1926 599 1988 clientum
613 1926 706 2003 longa
719 1925 842 2004 negotia

294 2015 465 2094 Dijudioata
479 2017 549 2077 lite⁸
563 2015 765 2095 relinqueret,

335 2100 476 2163 Tendens
493 2101 690 2163 Venafranos⁹
702 2102 735 2162 in
749 2120 837 2179 agros
1060 2126 1088 2164 ss

374 2188 436 2250 Aut
450 2190 739 2252 Lacedaemonium¹⁰
751 2188 930 2251 Tarentum.

167 2361 186 2395 1.
202 2353 263 2396 Unde
271 2357 343 2395 attam
351 2358 448 2396 sumeret
454 2356 551 2406 tascius,
560 2366 588 2396 ne
644 2361 663 2397 5.
681 2352 772 2401 Torvus,
782 2352 1013 2397 morra—Posuisse
1022 2357 1084 2398 vut-

51 2434 56 2443 .
138 2407 232 2447 sacham
241 2418 280 2459 pas
290 2406 340 2449 d'oir
349 2408 405 2449 tirer
414 2408 491 2457 sarie,
502 2408 589 2450 e’est-a-
617 2412 679 2460 tum,
688 2407 748 2449 avoir
758 2407 800 2448 fine
810 2419 848 2448 ses
857 2407 961 2460 regards.

138 2458 188 2499 dire
195 2470 222 2499 ne
230 2460 365 2512 sachantpas
372 2469 481 2501 comment
488 2472 517 2501 on
522 2471 589 2502 seuve
644 2468 663 2503 6.
678 2461 750 2513 Atqui
759 2459 854 2520 sciebat?
864 2467 907 2501 eto.
918 2463 1009 2502 Horaoe
1020 2474 1088 2504 sem-

114 2528 117 2532 ·
139 2522 164 2552 sa
179 2511 222 2558 vie,
238 2511 341 2565 ignorent
354 2524 397 2565 que
406 2512 428 2554 la
437 2512 513 2554 valour
527 2513 588 2554 seule
616 2512 653 2554 hle
669 2513 734 2553 s’etre
748 2510 832 2564 inspire
845 2512 875 2553 roi
885 2512 913 2553 de
924 2512 1036 2566 ciceron,
1052 2514 1086 2558 De

139 2570 247 2606 conserve
257 2565 279 2606 ia
287 2570 329 2606 me.
619 2564 705 2619 Officiis
723 2567 760 2618 111,
769 2574 849 2606 xxvii:
864 2562 944 2617 Neque
953 2566 1011 2607 uero
1031 2572 1085 2609 tum

138 2670 140 2676 y
165 2622 186 2658 2.
200 2615 281 2658 Pacem
291 2616 368 2658 duello
381 2617 479 2659 miscuit
501 2629 515 2658 a
528 2616 588 2659 melo
618 2595 743 2670 iqnorossat
768 2626 791 2657 ae
818 2615 850 2657 od
878 2616 1085 2661 crudelissimum

139 2679 162 2712 ra
170 2669 223 2721 prix
233 2669 245 2709 a
254 2670 276 2711 ta
285 2681 373 2723 guerre,
383 2649 523 2712 o'esto-‹iire
532 2682 545 2711 a
554 2671 590 2712 in·
617 2670 703 2711 hostem
722 2672 743 2710 et
763 2666 794 2710 od
811 2668 931 2722 exquisita
949 2672 1085 2724 supplicia

47 2742 53 2752 ·
139 2721 211 2818 votssre'
220 2721 242 2762 la
251 2722 302 2776 peix
312 2733 339 2764 au
348 2722 424 2763 milieu
434 2722 486 2764 d’un
494 2724 587 2764 oomhat.
615 2721 742 2776 proficisci.

139 2797 166 2807 -
195 2774 256 2816 uallo
273 2781 369 2818 estune
392 2773 463 2817 forme
481 2777 590 2818 ancienne
645 2780 664 2817 τ,
682 2772 774 2816 nautius
787 2776 928 2823 morantem,
947 2775 987 2827 qui
1003 2782 1084 2820 retar-

138 2838 195 2882 pour
205 2827 272 2870 bello.
617 2826 663 2873 deit
672 2837 711 2867 son
724 2832 807 2873 retour,
822 2825 861 2877 qui
877 2826 966 2868 voutait
979 2827 1084 2884 l’empe-

167 2884 186 2922 3.
201 2879 289 2930 Altior,
301 2880 351 2934 ptus
361 2880 434 2930 haute,
445 2879 529 2922 rendue
553 2880 589 2922 lus
616 2880 671 2920 cher
680 2879 707 2920 de
716 2883 834 2919 retourner
844 2880 857 2918 a
867 2879 988 2933 carthage.

138 2932 205 2975 haute
214 2944 243 2975 ou
253 2934 302 2986 ptus
311 2934 395 2986 grande
405 2943 525 2975 encore·
551 2934 590 2974 ui·
644 2937 664 2974 8.
674 2928 811 2982 Diiudieatti
819 2929 870 2972 tite.
878 2933 921 2971 Les
929 2942 1030 2984 patrons
1039 2934 1082 2977 de·

139 2986 187 3036 oia,
197 2985 283 3036 chates,
294 2985 463 3037 abeissements‚
473 2986 562 3028 hontes.
616 2984 721 3032 efflatam,
730 2992 783 3023 sans
791 2988 854 3024 autre
861 2983 957 3037 arbitre,
968 2985 1004 3026 les
1013 2988 1082 3030 diffe-

167 3041 187 3080 t.
202 3038 292 3091 Capitis
312 3037 400 3080 minor.
418 3041 461 3080 Les
483 3039 589 3080 Romeins
617 3036 685 3078 rends
695 3035 790 3076 deleurs
800 3034 889 3076 cliente.

139 3091 177 3143 qui
196 3091 317 3133 tourbaient
335 3097 398 3132 entre
417 3091 451 3132 les
469 3091 542 3132 meins
562 3092 589 3131 de
645 3095 665 3131 9,
681 3087 788 3137 Tendens,
802 3087 988 3140 atlanttpourse
999 3089 1080 3135 detea-

140 3143 244 3184 l’ennemi
253 3144 368 3196 perdaient
377 3145 425 3186 leur
434 3143 493 3185 droit
501 3142 529 3184 de
538 3142 589 3194 eite',
618 3142 671 3190 ser).
678 3162 705 3172 -
715 3139 863 3200 Venafranos,
870 3137 899 3181 de
907 3141 1017 3195 venefro,
1025 3148 1080 3188 ville

140 3201 164 3236 et
181 3206 210 3238 ne
227 3197 344 3248 ponvaient
361 3196 410 3249 plus
432 3196 453 3236 le
472 3205 589 3236 reeourrer
618 3191 847 3235 situeetl’extrermte'
856 3195 1043 3243 septentrionale
1052 3200 1080 3241 de

140 3248 205 3300 qu'en
214 3249 378 3290 rantrantdans
386 3249 526 3309 leurpatrie3
535 3246 590 3288 e'est
618 3247 639 3287 la
648 3249 699 3287 cem
715 3244 773 3285 onie.
841 3296 846 3306 ι

140 3311 167 3341 oe
185 3301 251 3353 qu’on
265 3300 390 3353 appetente
399 3300 457 3341 droit
466 3300 496 3340 du
506 3307 588 3353 remur,
647 3307 679 3340 ro.
710 3296 897 3340 asedemomom.
909 3300 965 3352 Voy.
974 3299 999 3342 la
1006 3308 1076 3346 noter

139 3363 177 3405 jur
185 3352 337 3406 postliminii.
618 3350 645 3392 de
654 3352 676 3392 ta
684 3352 780 3404 pagetis.
