2356 4022
140 290 199 351 ΞΜ
458 306 488 358 o.
512 304 627 349 nontru
648 302 746 349 ruico

141 426 243 504 Atque
257 438 360 482 animo
375 421 473 502 prius,
489 428 523 482 ut
537 420 562 480 si
575 419 651 500 quid
664 419 841 499 promittere
850 418 894 478 ,de
908 437 958 479 me

140 512 283 573 Possum¹
294 509 377 571 aliud
390 511 472 581 vere,
488 510 645 590 promitto.
658 507 796 569 Liberius
809 508 833 569 si

140 602 251 663 Dixero
263 598 350 680 quid,
361 599 386 659 si
401 598 479 660 forte
490 599 636 677 iocosius,
647 599 707 659 hoe
720 597 795 657 mihi
804 597 883 675 juris

142 688 220 751 Cum
233 688 321 750 venia
336 686 422 748 dabis
434 706 441 744 :
452 686 599 747 insuevit³
613 694 700 767 pater
714 682 848 764 optimus
863 684 923 745 hoc
933 701 994 758 me,
1144 758 1145 761 Ἴ

140 774 182 837 Ut
194 774 343 855 fugerem,
360 773 512 854 exemplis
523 773 670 834 vitiorum
678 790 815 852 ⁴quaeque
829 772 974 832 notando.
992 814 995 819 -
1032 795 1068 834 ior

141 863 246 940 Quum
259 882 309 924 mc
321 864 506 935 hortaretur,
521 863 623 941 parce,
640 861 796 941 frugaliter
809 869 902 941 atque

113 978 122 985 -
142 950 283 1014 viverem
297 953 342 1014 uti
357 958 520 1013 contentus
535 969 572 1013 eo
587 951 673 1031 quod
689 953 732 1011 ml
746 952 811 1029 ipse
825 953 977 1032 parasset:

145 1071 159 1094 «
174 1040 283 1102 Nonne
296 1040 381 1101 vides
393 1038 464 1100 Albl
480 1046 515 1101 ut
529 1040 623 1101 male‘
637 1039 717 1100 vivat
731 1038 822 1113 filius,
839 1042 935 1119 utque

141 1130 255 1192 Barrus
268 1127 379 1210 inops?
393 1127 538 1208 Magnum
553 1128 779 1189 documentum
796 1146 836 1188 ne
857 1127 986 1206 patriam
1000 1147 1074 1188 rem

142 1218 276 1279 Perdere
289 1217 357 1297 quis
370 1216 454 1278 velit.
468 1243 480 1271 ι
497 1217 522 1276 Α
537 1216 620 1296 turpi
634 1215 804 1277 meretricis
817 1234 923 1277 amore
1036 1242 1076 1276 m

143 1305 248 1381 Quum
260 1306 446 1366 deterreret:
461 1333 474 1357 «
491 1302 612 1365 Scetani
626 1303 783 1364 dissimilis
796 1302 846 1364 sis.
862 1328 875 1354 »ι
892 1342 895 1353 ι

143 1391 190 1452 Ne
200 1410 346 1471 sequerer
358 1392 503 1463 moechas,
516 1395 660 1453 concessa
673 1409 772 1470 quum
785 1408 896 1453 venere
906 1392 949 1453 uti

143 1477 267 1539 Possem
280 1497 286 1536 :
304 1505 317 1529 «
332 1475 498 1557 Deprensi⁵
511 1496 574 1539 non
587 1478 666 1539 bella
678 1484 725 1538 est
737 1476 817 1537 fama
831 1476 976 1552 Treboni,
994 1505 1008 1530 »

143 1564 259 1625 Aiebat.
275 1561 413 1644 Sapiens,
440 1563 537 1625 vitatu
549 1564 686 1645 quidque
700 1563 798 1643 petitu
952 1629 957 1642 ‚

144 1649 190 1711 Sit
202 1651 321 1725 meliusv
338 1667 443 1711 causas
456 1651 564 1712 reddet
577 1650 647 1712 tihi⁶
661 1670 668 1710 :
683 1648 726 1710 inl
740 1651 811 1710 satis
826 1656 872 1711 est
885 1651 911 1711 si
944 1668 949 1673 ·
1038 1678 1080 1716 ua
1155 1689 1156 1706 2

143 1735 303 1797 Traditum
317 1736 499 1815 abantiquis
514 1754 634 1797 morem
648 1754 779 1813 servare,
797 1742 955 1814 tuamque,

143 1822 225 1885 Dum
239 1824 374 1885 custodis
388 1841 470 1901 eges,
486 1823 580 1884 vitam
594 1822 772 1903 famamque
785 1821 866 1883 tueri

142 1906 334 1971 Incolumem
348 1927 490 1990 possum3
502 1908 595 1973 simul
609 1927 644 1969 ac
657 1907 825 1969 duraverit⁷
838 1914 912 1968 aetas

143 1995 280 2059 Membra
293 1997 495 2077 animumque
506 2002 606 2069 tuum,
619 1995 706 2056 nabis
715 1995 781 2056 siue
791 1996 951 2057 cortice⁸.»
960 1993 1011 2058 Sic
1021 2015 1080 2058 me

143 2085 308 2148 Formabat
322 2105 456 2167 puerum
470 2085 569 2160 dictis,
586 2093 627 2160 et,
642 2085 705 2146 sive
715 2078 841 2165 jubebat
1003 2108 1009 2121 ·
1037 2112 1081 2150 mo
1144 2097 1150 2113 ¹

144 2169 185 2233 Ut
194 2171 324 2233 facerem
337 2171 411 2250 quid
424 2191 432 2231 ι
450 2169 575 2232 «Habes
588 2179 747 2232 auctorem
760 2189 824 2250 quo
839 2169 932 2231 facias
943 2172 1018 2234 hoc⁹
1027 2199 1043 2228 ι

145 2260 259 2336 (Unum
271 2281 308 2322 ex
318 2261 474 2339 judicibus
485 2261 605 2322 selectis
617 2260 832 2338 oinciehat¹⁰);

144 2346 214 2409 Sive
227 2348 364 2408 vetabat:
382 2374 395 2401 a
406 2348 453 2408 An
466 2348 527 2408 hoc
535 2346 734 2408 inhonestum
748 2354 779 2408 et
792 2347 925 2410 inutile¹¹
939 2349 1022 2412 factu

144 2432 249 2495 Necne
262 2435 310 2510 sit,
326 2435 496 2509 addubites
513 2434 621 2513 flagret
634 2453 761 2496 rumore
775 2436 855 2497 malo
861 2439 883 2471 ¹²
897 2456 995 2517 quum
1028 2476 1032 2479 v

146 2555 279 2598 madianaea.
287 2557 373 2598 Mardal
382 2556 415 2598 dit
422 2557 450 2599 de
457 2556 529 2598 meme
536 2572 546 2598 .-
554 2553 595 2598 Vr'-
651 2563 671 2598 ⁷.
685 2554 818 2605 Duroverit,
827 2567 882 2599 aura
891 2558 981 2602 sortitio.

144 2608 194 2651 ridi
205 2610 290 2650 tinctor
296 2610 395 2661 serapim
404 2620 488 2651 cerrus.
650 2616 670 2652 8.
688 2608 761 2654 Nubis
769 2609 818 2651 aiod
828 2611 914 2653 cortica
920 2642 929 2666 ‚
941 2618 966 2653 tu
980 2624 1082 2668 negem

174 2670 193 2704 ι.
209 2661 266 2704 Utri
280 2660 336 2715 quid
344 2661 480 2717 promittere
495 2672 594 2715 porrum.
624 2671 678 2703 sans
689 2661 773 2714 deorse,
784 2661 919 2717 annelidge,
933 2663 1082 2710 desta-dira

145 2717 229 2757 Horace
245 2725 258 2755 a
272 2714 338 2756 renni
354 2715 382 2756 ici
399 2714 458 2757 deux
476 2720 595 2756 tournures
623 2718 648 2755 tu
656 2725 748 2769 pourraa
756 2716 859 2757 merebar
868 2718 1004 2772 sansguide,
1015 2721 1083 2763 roler

147 2766 275 2810 dirruentes
283 2778 312 2810 en
322 2778 366 2809 une
374 2767 437 2808 acula
447 2784 453 2809 :
467 2766 495 2810 Ut
505 2766 595 2820 aliquid
623 2777 663 2819 par
672 2773 705 2809 tes
715 2778 806 2822 propres
815 2768 880 2812 alles.

146 2820 280 2874 promittere
289 2830 388 2874 porrum,
402 2826 425 2862 et
439 2818 464 2861 Si
478 2817 534 2873 quid
540 2830 596 2873 pro-
651 2825 671 2861 9.
685 2819 795 2863 Habea...
806 2819 947 2876 (ocioaldo,
957 2829 982 2865 tu
997 2836 1023 2866 as
1032 2837 1081 2869 une

147 2873 240 2914 mittere
249 2884 351 2927 porrum.
624 2872 725 2924 automni,
735 2873 868 2915 cest-a-dire
877 2887 909 2916 un
921 2878 1023 2930 exempla
1034 2879 1082 2919 sai-

172 2932 194 2969 2.
208 2923 556 2978 Hccjurirdquivantltltocjua.
624 2931 676 2975 pant
691 2925 797 2978 autarith,
814 2937 844 2968 uu
853 2929 959 2989 exemplo
971 2929 1080 2973 conside·

174 2983 194 3021 3.
209 2976 316 3029 roncavit,
333 2984 391 3029 etc„
412 2988 463 3018 mon
487 2977 597 3019 excellent
623 2977 693 3030 table,
719 2979 773 3021 uite
809 2981 1022 3034 rmetd'agrrainsi.

147 3030 200 3121 pare
209 3029 351 3072 m’ahabltud
364 3029 444 3079 acela,
455 3029 596 3072 c’est-c-dire
652 2990 718 3074 ru?

172 3082 245 3134 parler
254 3082 464 3125 libramentdel’un
473 3081 531 3123 atde
540 3082 595 3123 l’au-
623 3083 714 3136 nrbain,
731 3095 760 3125 en
774 3091 839 3127 vcrtu
854 3085 883 3126 de
897 3086 920 3128 la
933 3086 965 3128 loi
979 3088 1080 3141 Aurelia,

147 3141 190 3183 tre,
198 3134 229 3174 lui
237 3135 276 3186 qui
285 3146 320 3178 me
330 3136 402 3177 salonit
410 3145 538 3186 remnrquer
546 3140 596 3176 tous
623 3135 699 3188 porte'e
707 3148 735 3178 en
744 3141 792 3188 684,
798 3138 928 3180 choisiasait
936 3147 986 3182 tous
994 3140 1028 3183 les
1035 3153 1079 3183 aas

149 3186 184 3247 lep
197 3187 293 3245 vicescn
304 3199 338 3229 me
346 3189 415 3231 citant
426 3187 466 3229 des
475 3186 595 3239 exemplos,
613 3208 615 3211 ·
624 3189 679 3230 trois
687 3194 737 3231 cent
742 3190 842 3232 soixante
848 3191 912 3242 juges
923 3203 977 3243 pour
986 3193 1021 3235 lea
1027 3205 1080 3236 cau·

149 3240 194 3278 atu
219 3240 430 3288 uciolese'vitasae.
624 3251 694 3283 aesca
709 3242 1080 3299 italas‚parmilessdnareura,lea

177 3295 196 3332 4.
237 3290 476 3353 comparauerant
624 3253 746 3336 chevaliers
753 3301 776 3337 et
784 3294 818 3336 les
827 3296 916 3337 triburis
923 3296 953 3338 du
965 3298 1037 3340 mesor
1045 3299 1079 3341 les

177 3348 196 3386 ³.
212 3341 329 3395 Deprensa,
336 3354 382 3398 prro
390 3349 431 3397 (en
440 3345 534 3399 flagrant
542 3344 596 3387 delit
624 3344 674 3405 plus
683 3348 895 3390 recommandables.
904 3372 928 3379 -
938 3350 1078 3403 Objicicbot,

149 3393 289 3454 d'adultere).
312 3414 314 3417 v
623 3398 881 3443 rlmemettaitsousles
905 3413 956 3444 eux.

178 3453 198 3488 t.
213 3445 427 3507 sapim....reddet
437 3451 595 3505 tibi,uusage‚
651 3460 684 3494 ιι.
698 3451 858 3502 rutenorum,
873 3454 1032 3499 deshonorant
1048 3477 1078 3491 ·-

153 3509 181 3539 nn
195 3497 331 3551 philosopha,
346 3500 488 3563 t'expltquera
503 3506 536 3546 los
548 3504 593 3545 rai·
624 3504 710 3546 loutr'lr
728 3506 832 3555 nuisible,
843 3505 940 3549 funeste.

152 3562 206 3611 sous
222 3560 280 3611 pour⁴
291 3551 410 3603 lesquelles
425 3556 442 3596 rl
457 3564 509 3598 rant
524 3556 596 3598 mieux
652 3563 684 3600 12.
698 3537 1072 3613 liumoromolomnuvaisrannm,

151 3602 221 3645 tuter
229 3613 275 3644 ceci
284 3610 306 3645 et
315 3605 444 3648 rechercher
453 3609 507 3652 cala.
624 3610 872 3663 mauvaisere'putatiou.

713 3030 775 3073 adici
791 3032 923 3075 praelectis.
941 3037 972 3077 Le
987 3034 1081 3088 protect
